3402 5222
588 429 663 492 us.
684 429 739 491 ιιι.
767 426 861 493 ese.
879 430 936 492 ιιι.
1223 400 1304 513 237

218 576 457 661 ἐδουλώσαντο,
477 576 533 644 καὶ
554 580 652 662 μέρος
673 579 708 643 ἐκ
735 580 793 643 τοῦ
811 580 926 658 λοιμοῦ
946 575 1000 641 καί
1020 580 1076 663 τῆς
1099 570 1196 661 άλλης
1218 599 1311 644 κακο-

218 682 359 756 παθείας
379 682 487 767 ἐπῇρε,
503 682 560 743 καί
579 673 636 743 οὖν
654 677 779 761 ὀλίγους
800 675 1018 760 Χριστιανσάς
1039 678 1251 765 ᾑχμαλώτισι.
1271 678 1310 745 τά

221 782 259 846 δέ
277 783 337 845 τοῦ
357 779 496 861 πολέμου
519 779 675 863 α’ναχκαῖα
696 777 753 842 καί
770 774 936 861 ἐπιτήδεια
957 777 1013 842 καί
1032 783 1177 863 μηχαναί
1194 781 1312 860 α’ναμέ-

221 902 279 945 σον
299 871 432 964 ἤρχοντο
452 880 577 944 πολλά·
634 875 750 964 ἔφορον
765 875 828 962 γάρ
850 874 1007 959 ἑλιβάλεις
1029 875 1156 953 πολλάς.
1199 878 1313 957 έξαά-

190 981 287 1047 breis
308 983 433 1055 δέτινες
454 981 605 1043 τοσοῦτον
624 977 767 1062 ὑπῆρχον
788 979 833 1053 εἰς
853 980 1002 1060 μέγεθος,
1023 972 1060 1052 ἃς
1082 978 1139 1040 urie
1159 975 1312 1042 ἐδύναντο

222 1074 457 1163 τεσσαράκοντα
479 1076 570 1163 ζεύγη
600 1081 699 1159 βοών·
714 1072 825 1160 σάρειν
844 1072 979 1161 ἑκάστην
999 1075 1105 1141 anisnis
1124 1068 1145 1161 ἢ
1167 1076 1222 1142 κατ’
1240 1094 1313 1143 πιν-

220 1176 352 1261 τὴκοντα
376 1176 470 1261 ζεύγη
492 1176 548 1241 καί
567 1181 661 1241 πλέον
682 1170 705 1260 ἢ
726 1176 784 1239 δύο
818 1175 963 1258 χιλιάδες
983 1170 1157 1263 άνθραποι.
1199 1176 1254 1242 καί
1272 1180 1315 1265 τῇ

221 1275 250 1361 β
271 1281 327 1343 τοῦ
348 1278 530 1359 Ἀπριλλίου
546 1273 671 1362 ἔφθασε
691 1274 748 1340 καί
767 1271 923 1360 ὅάμηριῖς
940 1276 1019 1357 μετὰ
1053 1280 1172 1362 πλῆθος
1201 1275 1314 1359 άναρί-

222 1382 345 1462 θμητον
380 1378 518 1458 στρατοῦ
544 1372 676 1439 ἱππικοῦ
705 1397 739 1440 το
760 1378 815 1439 καί
834 1377 941 1454 πεζοῦ.
995 1375 1099 1441 έλθών
1120 1374 1178 1458 την
1198 1372 1315 1458 σκηνην

174 1476 327 1543 renisuri
346 1474 502 1560 πήγνυσιν
528 1476 562 1552 έξ
583 1477 727 1551 ἐναντίας
759 1479 814 1558 τῆς
834 1471 935 1558 πάλης
954 1480 1014 1539 τοῦ
1032 1474 1123 1558 ἁγίου
1138 1474 1314 1557 ‘Portant

223 1579 279 1641 καί
299 1574 317 1640 ά
339 1573 474 1658 στρατὸς
495 1573 573 1640 ώσεί
587 1568 692 1656 ἅμμος
714 1573 878 1659 θαλάσσης
899 1573 978 1640 κατά
1005 1575 1042 1640 se*
1059 1575 1238 1656 Ἑξαμιλιον
1258 1576 1316 1655 τῆς

221 1681 342 1760 χέρσου
364 1681 398 1741 ἐκ
421 1678 478 1758 τῆς
496 1680 574 1757 μιᾶς
595 1676 760 1757 θαλάσσης
775 1678 830 1740 καί
849 1674 884 1738 ἐκ
903 1678 958 1758 τῆς
980 1672 1101 1758 ἑτέρας.
1145 1675 1200 1737 καί
1220 1668 1236 1735 ὅ
1259 1676 1316 1757 τῆς

223 1779 379 1860 ἀνατολῆς
398 1772 536 1858 στρατὸς
556 1778 691 1860 ἐπήξατο
712 1773 770 1850 τάς
796 1774 910 1859 σκηνάς
932 1774 1036 1839 αάτών
1059 1776 1094 1839 ἐν
1115 1784 1181 1848 τοῖς
1202 1775 1316 1853 δεξιοῖς

224 1880 336 1962 μέρεσι
367 1877 425 1939 τοῦ
455 1874 565 1959 άμηρά
593 1874 649 1939 καί
669 1877 728 1950 ἓως
747 1878 808 1939 τών
828 1876 930 1938 άκτών
955 1877 1010 1959 της
1030 1872 1194 1957 θαλάσσης
1214 1872 1316 1956 πάλης

177 1975 280 2061 ιδτῆς
295 1979 438 2059 χρυσῆς,
469 1971 486 2038 ὁ
507 1977 543 2040 δὲ
562 1978 618 2060 τῆς
639 1975 798 2059 Εάρώπης
820 1977 855 2038 έν
873 1979 913 2062 τῇ
934 1975 1086 2061 α’ριστερηῖ
1106 1976 1162 2037 καί
1181 1976 1241 2049 ἓως
1258 1977 1316 2055 τῆς

224 2076 325 2159 πάλης
345 2078 400 2160 τῆς
420 2077 544 2159 ξυλίνης
571 2076 634 2138 τών
655 2073 759 2138 άκτών
779 2078 839 2138 τοῦ
858 2076 1021 2156 Κεραιίου
1041 2073 1169 2136 κόλπου.
1222 2069 1279 2137 καί
1297 2071 1316 2136 ά

225 2176 352 2260 άμηρᾶς
369 2178 611 2257 περιεκοκλοῦτσ
632 2175 776 2256 ὀρυκτοῐς
802 2172 1016 2257 χαρακώμασι
1036 2171 1091 2236 καί
1107 2174 1242 2249 ξυλίνοις
1261 2194 1317 2236 πε·

225 2271 488 2358 ρισταυρώμαοι,
510 2276 566 2338 καί
592 2270 713 2350 ἔξωθεν
733 2276 792 2338 τοῦ
812 2273 1048 2356 χαρακώματος
1066 2275 1266 2355 περιίσταντο
1286 2269 1318 2335 οἱ

225 2372 416 2458 έσννιτζάροι
437 2372 497 2436 σάν
516 2380 581 2448 τοῖς
601 2366 710 2448 ἄλλοις
728 2374 869 2455 τάχενέσι
888 2373 946 2438 susi
965 2369 1122 2437 παλατίου
1144 2370 1255 2435 orituri.
1298 2366 1318 2434 ὅ

175 2472 264 2538 nudi
283 2477 426 2555 μπασιᾶς
446 2469 464 2536 ὅ
485 2474 545 2537 τοῦ
567 2472 679 2558 άμηροῖ
694 2469 847 2556 συγγενὴς
866 2469 970 2538 ἐλθών
988 2467 1163 2555 ἐσκήνωσεν
1185 2467 1253 2552 ripn
1273 2472 1319 2559 τῷ

225 2574 472 2654 ἐμπιστευθέντι
508 2568 595 2660 nitigi
624 2575 747 2659 στρατῷ
774 2562 898 2636 άνιοθτν
928 2572 987 2635 τοῦ
1015 2573 1047 2636 Γ
1045 2572 1159 2636 utari.
1207 2572 1264 2634 καί
1280 2573 1319 2659 τῇ

226 2672 309 2759 αὐτῇ
327 2672 430 2760 ἡμέρη
451 2668 594 2758 ἔφθασεν
611 2671 669 2737 καί
682 2674 780 2758 μέρος
800 2674 860 2736 τοῦ
879 2665 992 2737 στόλου
1014 2669 1124 2754 arisai,
1145 2672 1200 2736 καί
1222 2674 1317 2756 έπλη-

298 2848 324 2900 3.
342 2847 530 2935 μηχανημαια
546 2847 576 2902 Μ
684 2847 710 2935 η.
731 2847 889 2933 τηλεβρλους
906 2848 983 2903 seeP
1095 2850 1122 2903 6.
1140 2848 1216 2918 βοάν
1235 2847 1319 2901 οιιιΡ

298 2936 324 2988 7.
344 2922 423 2991 ζευχη
441 2921 521 2972 οιιιΡ
610 2936 650 2972 ιι.
671 2938 721 2976 τον
739 2920 884 2993 λσθμονΡ
978 2937 1017 2991 ¹9·
1034 2919 1251 2993 γιανττζάροιΡ

228 3095 301 3150 rant,
318 3096 483 3158 expugnatas
501 3090 607 3142 evertit.
629 3089 726 3142 borum
742 3092 886 3159 partemin
904 3089 1061 3142 servitutem
1080 3087 1199 3157 redegit,
1214 3096 1318 3158 perteus

227 3168 305 3230 peste
327 3168 357 3211 et
372 3161 434 3212 aliis
454 3159 631 3212 incommodis
659 3161 793 3223 confecit,
819 3177 849 3213 ac
874 3177 930 3211 non
950 3161 1030 3231 praui
1056 3158 1199 3211 Christiani
1219 3160 1319 3229 captivi

228 3232 293 3283 iacti
311 3239 382 3283 sunt.
404 3248 446 3282 res
465 3229 500 3282 sd
520 3230 622 3297 bellurn
647 3232 815 3283 necessariae
838 3239 867 3284 et
884 3232 966 3284 utiles
983 3246 1043 3283 curn
1061 3228 1193 3281 msebinis
1210 3230 1319 3282 interim

227 3318 325 3370 magno
343 3317 456 3353 nurnero
478 3300 699 3355 advehebantur:
725 3304 755 3354 in
778 3302 821 3355 his
848 3302 989 3371 helepoies
1017 3301 1183 3371 permultae,
1206 3317 1320 3373 quornm

226 3372 378 3424 nonnullae
398 3381 491 3425 tantae
519 3381 597 3427 erent
623 3372 833 3443 magnitudinis,
858 3383 890 3426 ut
905 3373 1027 3444 singulae
1045 3390 1061 3424 a
1077 3370 1255 3444 quadraginta
1275 3373 1320 3424 vei

227 3444 426 3514 qninquaginta
439 3444 509 3513 iugis
522 3443 606 3496 bourn
624 3454 707 3515 atque
725 3445 864 3497 hominnm
883 3444 944 3515 pina
968 3442 1074 3496 dnobus
1098 3443 1221 3495 millibus
1247 3442 1319 3495 trahi

228 3531 284 3566 non
306 3522 426 3584 possent.
445 3515 566 3567 secundo
585 3516 686 3584 Aprilis
711 3517 770 3586 ipse
785 3532 888 3568 arueras
906 3517 984 3567 affuit
1000 3531 1062 3567 cuna
1081 3514 1168 3584 copiis
1186 3515 1321 3586 equestri-

227 3583 280 3637 bus
304 3594 333 3637 et
360 3585 533 3653 pedestribus
568 3585 730 3649 innumeris,
766 3596 795 3639 et
828 3587 975 3639 tentorium
1012 3601 1047 3637 ex
1083 3584 1196 3637 adverso
1223 3592 1320 3655 portae

228 3658 315 3708 sancti
343 3656 455 3708 Romani
482 3657 560 3720 finit,
589 3666 673 3727 atque
699 3658 832 3709 exercitus
863 3666 895 3709 ut
920 3673 1001 3709 arena
1025 3658 1106 3709 maris
1131 3655 1166 3708 ad
1192 3655 1322 3708 Hexarai-

227 3726 295 3778 iiurn
325 3743 374 3795 per
402 3735 500 3779 terrum
527 3726 562 3780 ab
586 3745 641 3780 uno
660 3729 728 3779 mari
749 3727 783 3780 ad
810 3726 924 3779 aiterum
943 3727 1076 3798 pertinuit
1099 3735 1182 3798 atque
1199 3727 1321 3779 orienta-

227 3796 262 3849 iis
273 3796 393 3868 'quidem
416 3814 479 3868 para
506 3814 521 3848 n
545 3798 641 3852 dextra
666 3814 771 3851 emeras
793 3814 880 3869 usque
898 3798 933 3849 ad
953 3807 1073 3868 portam,
1090 3815 1162 3869 ques
1179 3805 1221 3850 est
1237 3798 1266 3850 in
1283 3797 1320 3850 ii-

228 3877 298 3931 tore,
317 3884 425 3920 auream
444 3876 632 3923 castrametata
652 3879 709 3933 est,
727 3870 900 3940 Europaeos
920 3870 1027 3922 sinistra
1046 3886 1132 3990 usrpre
1149 3868 1184 3920 ad
1203 3869 1320 3937 ligneam

248 3948 334 3991 ortam
353 3939 383 3990 in
398 3939 472 3993 sinus
490 3940 609 3993 Ceratini
637 3941 719 3994 litore
737 3940 824 3993 sitam.
845 3949 904 3992 erat
922 3956 1024 3993 emeres
1043 3940 1087 3992 val
1100 3957 1117 3992 o
1134 3947 1163 3992 et
1179 3939 1250 3992 forsa
1267 3956 1321 4009 pa·

227 3955 317 4080 iisque
335 4010 451 4073 cinctus,
469 4019 498 4064 et
516 4020 591 4064 extra
608 4013 710 4064 vallum
728 4010 838 4064 stabant
854 4011 996 4063 iannitsari
1016 4028 1077 4062 cum
1093 4010 1205 4081 reliquis
1225 4011 1322 4080 palatii

229 4079 397 4150 proceribus.
424 4082 514 4151 perias
532 4091 643 4148 autem,
669 4092 796 4153 cognatus
819 4098 942 4146 emeras,
959 4098 1019 4134 cuns
1037 4082 1157 4135 exercitu
1176 4080 1229 4133 sibi
1247 4098 1323 4134 eorn-

229 4152 312 4203 misso
333 4169 414 4221 supra
438 4153 564 4205 Galstsrn
590 4162 676 4208 eastra
693 4156 796 4225 posuit.
825 4152 920 4205 eodem
953 4151 998 4205 die
1017 4170 1079 4223 pars
1099 4152 1193 4205 elassis
1212 4151 1323 4206 advenit
1415 4188 1418 4193 -

230 4230 261 4274 et
278 4238 365 4292 prope
391 4222 486 4275 urbem
503 4223 540 4276 ad
564 4224 629 4278 litus
643 4226 723 4278 maris
749 4225 863 4297 appulit.
894 4231 972 4276 erant
992 4228 1114 4277 triremes
1132 4231 1162 4276 et
1178 4222 1322 4276 άιοιιιοιιοτ

230 4293 338 4347 circiter
354 4293 475 4365 triginta,
492 4310 573 4352 naves
590 4296 708 4351 minores
721 4306 813 4352 sutem
830 4303 859 4350 et
876 4295 1012 4350 uniremes
1029 4303 1138 4350 eentum
1153 4301 1184 4349 et
1200 4295 1319 4365 triginta.
