3392 5238
467 457 547 542 150
773 483 947 548 eaoaoa
977 479 1222 547 anamma

459 639 545 722 χρεόν
569 636 671 708 κακῶς
695 633 874 713 ἐδεξιοῦντο
896 633 997 716 ἡμᾶς,
1018 634 1090 697 ἀλλ’
1109 631 1203 696 οόδὲν
1221 628 1388 714 ἔβλαψαν·
1439 632 1469 699 οἱ
1488 630 1551 717 γάρ

459 738 519 800 τοῦ
537 734 769 818 μητροπολίτου
793 731 1006 815 κρατήσαντες
1026 730 1063 796 τό
1088 728 1265 816 φρούριον,
1295 730 1342 797 ἔτι
1369 735 1406 797 δὲ
1428 732 1484 798 κατ’
1510 731 1549 798 τά

459 829 630 900 αόθεντικά
653 829 793 897 παλάτια
811 830 851 897 τά
867 832 998 917 πλησίον
1012 828 1112 897 ositeri
1131 830 1288 914 οἰκήματα
1307 831 1554 915 σιταρχήσανιες

458 936 515 998 καί
531 926 767 1019 α’φιεράσαντες
784 936 952 1015 κατέσχον,
973 929 1149 1011 ἐλπίζοντες
1173 927 1224 995 ότι
1246 933 1394 1008 ἐλθόντος
1413 936 1469 996 τοῦ
1486 957 1550 1014 μη.

457 1035 640 1114 τροπολίιου
675 1028 731 1095 διά
765 1030 881 1096 τοότου
904 1028 999 1096 πάλιν
1023 1029 1145 1112 λάβωσι
1173 1029 1211 1095 τό
1234 1033 1440 1114 πτολίεθρον,
1471 1027 1578 1117 daupi

457 1135 513 1198 καί
531 1128 685 1215 πρότερον
715 1125 813 1213 εἶχεν.
870 1131 962 1215 ἡμῶν
987 1133 1025 1195 δὲ
1044 1132 1099 1195 ε’πί
1117 1129 1175 1218 τῆν
1195 1126 1307 1214 αόριεν
1326 1137 1550 1214 συναχθέντων

457 1237 493 1298 όν
512 1233 557 1319 τῷ
575 1234 637 1295 τοῦ
663 1228 755 1312 άχίου
776 1230 938 1295 Νικολάου
968 1233 1054 1317 ναῷ,
1083 1236 1140 1297 καί
1161 1230 1280 1308 παντός
1299 1234 1357 1297 τοῦ
1377 1237 1440 1297 τάν
1460 1239 1550 1297 πολι-

455 1334 519 1396 cais
538 1330 667 1414 δήμου,
699 1322 829 1411 ὄμοσάν
856 1329 936 1411 μετά
967 1327 1072 1414 ὅρκιον
1099 1333 1141 1397 ἵν’
1162 1326 1222 1396 οἷσι
1243 1332 1350 1397 πιστοί
1369 1336 1476 1395 δοῦλοι
1496 1335 1551 1395 καί

454 1428 659 1497 inornatum*
679 1433 736 1494 τοῦ
757 1429 915 1495 αόθίντου
936 1426 1027 1512 ἡμῶν
1045 1434 1103 1494 τοῦ
1132 1432 1304 1497 δεσπότου·
1345 1427 1415 1497 εἶτα
1436 1430 1549 1514 ἐζήτη-

454 1556 515 1595 σαν
533 1529 615 1608 κάμε
634 1533 693 1592 τοῦ
723 1528 839 1613 κρίνειν
859 1530 893 1594 όν
915 1530 1024 1604 αὐτοῖς
1053 1530 1109 1594 καί
1122 1531 1260 1596 ἰ’θόνειν.
1301 1530 1375 1597 ridi
1395 1531 1549 1614 αὐθέντης
1563 1554 1599 1595 το

454 1651 517 1710 μου
540 1627 729 1709 ἀπεκρίνατο
757 1629 856 1710 λέγων
883 1627 960 1693 “arui
988 1632 1109 1709 μᾶλλον
1130 1632 1221 1693 τοῦτο
1254 1629 1342 1718 αὐτῷ
1362 1628 1549 1715 ὀφείλομεν,

453 1725 510 1793 καί
526 1723 624 1810 χάριν
635 1729 689 1809 τῆς
710 1727 800 1807 ὑμῶν
815 1728 967 1811 αἰτήσεως
987 1725 1094 1794 ἔσεται
1107 1728 1206 1804 αότός
1227 1728 1427 1817 εἰςκεφαλήν
1443 1726 1551 1810 duta?

454 1832 495 1913 τῇ
518 1828 554 1890 δὲ
586 1823 683 1913 σ’χδόῃ
710 1831 767 1890 τοῦ
795 1828 896 1892 αὐτοῦ
917 1828 1046 1892 Ἰουνίου
1068 1826 1169 1913 μηνός
1191 1832 1402 1912 διερχομένου
1422 1831 1550 1909 μανείς

454 1921 667 2003 Ναύπακτον,
689 1924 742 1988 ἵνα
766 1923 843 2010 πρός
862 1925 917 1990 τόν
937 1929 1072 2007 βασιλέα
1100 1933 1223 2011 πρῶτον
1244 1928 1374 1994 α’πέλθω
1394 1925 1550 1992 α’κουστόν

454 2027 588 2115 ποιῆσαι
608 2023 698 2111 αὐτῷ
723 2022 764 2088 τά
792 2026 827 2090 δν
847 2029 884 2113 τῇ
904 2026 1023 2116 Πάτρρ
1051 2025 1397 2112 παρακολουθήσαντα,
1416 2021 1472 2092 εἶτ’
1493 2027 1598 2096 ἀπ’τὸ

455 2128 557 2190 ἐκεῖσε
580 2129 650 2204 μετ’
672 2118 824 2208 ἄρχοντος
845 2126 948 2190 arisati
966 2126 1047 2208 πρός
1070 2126 1123 2193 τόν
1143 2129 1290 2211 άμηράν,
1319 2125 1397 2194 κατά
1419 2126 1477 2210 τήν
1497 2148 1549 2201 τε,-

454 2224 574 2307 τάρτην
597 2226 655 2286 τοῦ
679 2223 781 2288 αὐτοῦ
812 2223 914 2309 μηνός
944 2226 1131 2312 φθάσαντες
1162 2230 1328 2308 ἐμείναμεν
1355 2230 1391 2292 όν
1420 2230 1463 2313 τῷ
1490 2229 1550 2291 τοῦ

454 2319 546 2403 άχίσυ
566 2320 718 2406 Ἀνδρίου
738 2325 813 2411 ναῷ.
856 2323 926 2389 idad
949 2327 1005 2389 καί
1030 2328 1089 2391 δόο
1114 2329 1248 2410 Τσῦρκοι
1270 2325 1469 2411 διερχόμενοι
1490 2325 1549 2410 τὴν

453 2418 665 2505 Ναύπακτον,
686 2420 777 2503 ὃμὲν
796 2427 854 2487 τοῦ
873 2421 1017 2508 άμηρσῖό
1040 2428 1076 2490 δὲ
1096 2429 1156 2491 τοῦ
1181 2424 1383 2512 Τουραχάνη,
1407 2450 1546 2511 προσαχ-

451 2524 611 2604 γίλλοντες
627 2522 661 2585 όν
681 2521 896 2604 προστάγματι
917 2526 969 2588 ἵνα
990 2524 1035 2609 μὴ
1058 2523 1116 2608 τήν
1135 2529 1272 2610 Πάτραν
1292 2524 1543 2609 παράλάβωμεν.
1557 2554 1598 2596 αα

454 2620 567 2695 οἵτινες
588 2620 624 2683 δὲ
654 2618 750 2684 πάλιν
776 2621 979 2705 όπίοτρεψαν
1006 2629 1075 2704 μετ’
1104 2625 1186 2706 ἐμοῦ
1209 2624 1380 2710 α’πολοχίαν
1401 2625 1549 2707 λαβόντες

453 2714 597 2799 τοιάνδε,
619 2712 669 2782 ὅτι
688 2720 759 2783 ε’πεί
778 2717 795 2784 ό
826 2719 939 2805 παριόν
965 2721 1055 2804 ἡμῶν
1078 2715 1188 2805 ἅρχων
1208 2727 1379 2808 α’πέρχεται
1400 2722 1477 2806 πρός
1495 2722 1549 2789 τόν

453 2816 594 2905 α’δελφόν
611 2841 676 2901 μου
696 2816 752 2883 τόν
769 2821 872 2903 μέγαν
894 2820 1022 2906 α’μηράν
1044 2823 1212 2908 (δεικνύων
1234 2828 1291 2907 ἐμὲ
1311 2824 1373 2913 ἔφη
1395 2820 1505 2900 αότσῖς
1525 2823 1545 2886 δ

523 3045 549 3110 i·
569 3042 814 3114 desecuimus?
913 3049 937 3102 ⁵.
957 3046 1056 3105 τούτου
1075 3051 1154 3108 ἔστιν
1177 3050 1265 3108 πάλιν
1284 3052 1313 3104 Μ
1399 3070 1426 3123 9.
1443 3050 1481 3123 spi
1496 3048 1546 3104 αό-

522 3118 606 3187 θέντῃ
625 3116 705 3189 ἡμῶν
723 3121 772 3171 καλ
793 3116 913 3192 δεσιτότχ
930 3120 950 3171 Ρ
1546 3130 1550 3141 ’

452 3293 622 3363 artubusque
648 3293 802 3347 balearibus
823 3296 894 3348 maie
921 3312 972 3348 τοι
1001 3297 1188 3367 excipiebant,
1216 3314 1267 3350 nec
1285 3296 1432 3350 laedebant
1448 3305 1547 3350 marea.

451 3381 513 3415 nara
541 3365 589 3434 qui
609 3380 626 3415 a
650 3376 735 3418 metro
757 3366 823 3418 oiitn
857 3366 980 3431 stabant,
1008 3368 1149 3420 castelium
1171 3377 1333 3439 occuparant
1357 3376 1386 3420 et
1410 3377 1549 3438 praetem

450 3435 554 3503 palatia
579 3436 709 3506 principis
736 3384 765 3487 in
799 3438 874 3490 iliius
898 3438 999 3490 ricinia
1026 3438 1187 3505 aedificata,
1216 3457 1265 3511 spe
1296 3439 1383 3502 ducti,
1414 3440 1472 3490 fore
1500 3448 1548 3503 ut,

450 3522 534 3574 qrrum
565 3505 680 3559 redisset
696 3509 886 3577 metropolita,
920 3507 1001 3560 huius
1026 3513 1187 3563 auctoritate
1209 3511 1354 3581 oppidum,
1373 3509 1548 3581 quodetiam

450 3577 525 3645 prius
543 3584 703 3639 tenuerant,
734 3580 891 3647 reciperent
921 3587 1038 3649 postera!
1055 3582 1116 3633 iace
1141 3591 1197 3634 tota
1228 3584 1330 3643 civitas,
1354 3580 1496 3633 nobiseum
1517 3583 1546 3634 in

450 3645 517 3699 aede
535 3648 621 3699 sancti
642 3647 746 3700 Nicoiai
765 3658 935 3717 congregata,
955 3653 1128 3704 sacramentis
1148 3653 1228 3705 fidem
1247 3662 1275 3704 et
1293 3651 1478 3705 obedientiam
1497 3651 1547 3703 ad-

450 3715 519 3771 dixit
538 3715 683 3788 despotae,
712 3719 821 3772 domiuo
849 3731 952 3773 nostro.
978 3720 1078 3775 deinde
1097 3742 1181 3794 quum
1200 3740 1243 3775 me
1262 3723 1428 3793 praesectum
1447 3731 1476 3774 et
1496 3739 1546 3791 gu·

448 3784 621 3841 bernatosem
641 3790 693 3841 sibi
715 3799 883 3860 exoptarent,
904 3792 1045 3861 respondit
1064 3794 1188 3846 domiuus
1205 3811 1295 3845 meus:
1312 3791 1360 3845 “et
1379 3794 1432 3863 ipsi
1451 3792 1545 3845 admo·

448 3854 512 3907 dum
534 3857 586 3911 hoe
614 3859 719 3925 debeo,
748 3871 777 3913 et
800 3863 959 3932 petentibus
983 3865 1061 3916 vobis
1086 3866 1236 3928 satisfacio,
1261 3874 1291 3917 ut
1316 3864 1395 3915 vobis
1418 3862 1544 3934 praesit?

447 3942 530 3998 quum
549 3938 644 3984 octavo
662 3930 709 3985 dic
726 3932 847 3985 eiusdem
864 3937 964 3987 mensis
989 3937 1059 3987 iunii
1084 3936 1253 4006 Naupactum
1271 3935 1466 3998 discessissem,
1485 3936 1543 4004 pri-

444 4012 518 4050 mum
548 4000 703 4071 imperatori
731 4006 856 4056 nantium
885 4008 1017 4058 adintuens
1042 4006 1174 4059 derebus
1195 4007 1229 4058 ad
1255 4009 1359 4059 Petram
1384 4007 1543 4070 transactis,

445 4066 546 4120 deinde
564 4088 624 4122 cum
639 4090 694 4126 uno
713 4090 728 4125 e
751 4075 907 4143 proceribus
927 4079 985 4130 cius
1003 4077 1172 4147 proiecturus
1190 4077 1224 4129 ad
1242 4094 1365 4138 emeram,
1380 4075 1425 4129 die
1444 4085 1544 4147 quarto

444 4139 502 4191 eins
529 4144 629 4194 mensis
661 4145 689 4196 ia
714 4147 816 4216 templo
844 4149 929 4200 sancti
948 4148 1072 4201 Andreae
1099 4150 1254 4201 commorati
1289 4164 1388 4202 sumus.
1423 4146 1543 4199 advene-

443 4217 507 4263 runt
534 4217 591 4263 tum
619 4213 789 4284 Naupactum
818 4216 889 4271 sorte
919 4219 975 4272 duo
1001 4220 1121 4282 'furcam
1153 4229 1275 4273 vetantes
1309 4234 1379 4270 anus
1420 4234 1543 4280 amesae,

441 4281 512 4332 aiter
528 4281 693 4335 Turacbanis
719 4288 903 4351 nomiae,'ne
927 4291 1032 4344 Patram
1060 4290 1239 4343 inditionem
1263 4298 1379 4343 nostram
1405 4290 1542 4379 acdpere·

440 4368 508 4406 saus.
544 4352 572 4407 bi
591 4370 695 4407 mecum
714 4358 827 4422 reversi,
847 4359 902 4413 taie
922 4361 1129 4415 aCoastaatiau
1149 4380 1208 4432 resa
1262 4379 1306 4415 om
1327 4360 1433 4413 seruat:
1467 4376 1542 4430 quo-
