3392 5238
393 421 472 506 108
699 449 873 512 στολου
902 447 1144 512 rrrummsa

385 596 439 663 τὸν
461 595 604 678 Ἰσθμόν,
624 587 663 660 οῦ
685 595 742 681 πίρ
765 597 834 662 ἔστι
847 597 881 661 τὸ
904 601 1001 681 μῆκος
1023 590 1045 682 ἢ
1064 599 1184 676 μᾶλλον
1204 597 1302 661 εἰπεῖν
1320 593 1355 662 τῦ
1378 584 1471 680 εῦρος

385 697 421 762 ἐκ
450 697 529 775 μιᾶς
558 693 717 779 θαλάττης
749 699 795 772 εἰς
814 694 873 780 τὴν
899 691 1012 781 ἑτέραν
1036 695 1180 782 ῦργοίαις
1207 699 1397 780 τρισχιλάιις
1418 693 1471 760 καί

387 798 593 871 σκταιτοσιλιις·
636 794 670 859 τὸ
693 797 728 860 δὲ
749 793 870 883 μάαρος
890 797 926 860 εἰι
946 784 1010 873 τῆς
1023 799 1143 882 χέρσου
1163 800 1219 881 τῆς
1233 792 1380 871 Ἑλλάδος
1401 786 1472 880 ἦτοι

384 899 439 979 τῆς
457 895 597 979 Ἀττικῆς
615 897 671 980 γῆς
691 892 769 974 μετά
790 893 826 961 τά
851 897 1029 981 καταβῆναι
1057 895 1118 980 τὴν
1143 905 1295 981 τραχεῖαν
1321 891 1396 959 tots
1413 894 1471 978 τὴν

383 998 550 1079 λεγομένην
570 995 715 1077 Πλάγιον
734 992 864 1075 Κανὸν,
894 996 955 1071 ἓως
974 1000 1029 1080 τῆς
1056 993 1206 1071 πεδιάδος
1224 998 1366 1060 κάτωθεν
1385 991 1500 1079 pst-5

382 1119 457 1176 σαι,
488 1097 521 1158 ἐν
541 1085 567 1183 ᾧ
587 1091 672 1182 τόσην
694 1083 732 1177 ἦν
749 1094 916 1158 κτισθέντα
945 1090 985 1158 τά
1009 1097 1099 1178 τείχη
1123 1098 1227 1159 ταῦτα
1244 1098 1302 1158 τοῦ
1318 1093 1470 1172 Ἰσθγοῦ,

383 1195 498 1259 στάδια
518 1189 694 1278 τριάκοντα.
742 1191 805 1256 eino
837 1194 873 1258 ts
899 1194 961 1257 τάν
985 1199 1100 1277 τειχοῦν
1113 1196 1169 1260 τοῦ
1187 1193 1317 1275 Ἰσθμοῦ
1336 1196 1396 1268 leuc
1416 1196 1471 1277 τῆς

382 1296 549 1378 Κορίνθου
563 1293 622 1357 τοῦ
641 1292 721 1378 ῦπὲρ
742 1293 877 1378 νεφέλας
892 1292 1048 1379 φρουρίου
1060 1294 1184 1375 βουνοῦν
1201 1291 1256 1357 καί
1266 1295 1326 1356 τοῦ
1340 1293 1473 1372 Ἰσθμοῦ

381 1395 468 1469 τέλος
486 1389 600 1458 metm
628 1387 811 1477 ῦπάρχοοσι
841 1389 953 1457 πολλά.
1008 1389 1090 1457 ἔοικε
1116 1394 1152 1457 δὲ
1182 1390 1202 1476 ἦ
1231 1388 1471 1475 Πελοπόννησος

380 1491 541 1556 πλατάνου
566 1485 676 1579 pilius
706 1495 752 1566 εἰς
781 1488 904 1572 πάντα,
936 1493 993 1556 τοῦ
1026 1491 1062 1555 δὲ
1092 1491 1214 1578 φύλλου
1242 1487 1278 1554 τῦ
1303 1491 1417 1565 καῦλος
1454 1486 1520 1557 iso

377 1586 505 1674 Ἰσθμός
519 1590 612 1659 ἐστιν.
635 1583 786 1675 άνίοτηοε
797 1592 833 1655 δὲ
845 1590 984 1673 πύργους
1004 1588 1040 1655 λιι
1052 1592 1139 1680 cirri
1156 1583 1268 1653 ἑκατὸν
1281 1588 1469 1672 πεντήκοντα

382 1692 438 1755 καί
456 1697 549 1775 τρεῖς.
591 1691 646 1754 καί
666 1687 700 1755 ἔν
713 1713 777 1754 τινι
788 1687 950 1778 μαρμάρῳ
965 1682 1061 1773 εῦρον
1079 1686 1253 1772 γράμματα
1270 1691 1469 1772 γεγραμμένα

382 1793 511 1872 λέγοντα
531 1782 632 1863 οῦτοος
645 1786 743 1876 “pois
763 1793 798 1857 εἰι
819 1789 939 1875 φωτός,
972 1787 1048 1865 θεὸς
1068 1786 1222 1873 άληθινός
1243 1789 1277 1851 εἰι
1296 1791 1375 1853 θεοῦ
1394 1788 1474 1871 άλη·

382 1892 478 1954 θινοῦ
498 1884 638 1976 φυλάξῃ,
659 1887 715 1955 τὸν
741 1887 957 1975 αῦτοιιράτορα
977 1890 1197 1957 ’ίοοστινιανόν
1217 1890 1273 1951 καί
1289 1886 1343 1951 τὸν
1362 1886 1471 1951 πιστὸν

383 1989 496 2055 δοῦλον
523 1991 622 2053 αιίτοῦ
646 1993 842 2074 Βιιιτωρῖνον
874 1992 930 2054 καί
956 1986 1076 2065 πάντας
1102 1988 1176 2064 τοῦς
1206 1991 1241 2054 ἐν
1273 1991 1313 2076 τῇ
1343 1985 1467 2051 Ἑλλάδι
1483 1993 1521 2053 15

384 2089 564 2168 οἰκοῦντας,
585 2085 662 2162 τοῦς
684 2089 719 2154 εἰι
732 2092 813 2153 θεοῦ
836 2088 985 2168 ζάντας.”

469 2191 520 2275 Τηῦ
543 2191 579 2254 δὲ
601 2187 696 2283 'ecio‘
718 2186 800 2270 ἔτει,
823 2193 901 2273 μηνί
916 2190 1075 2278 Μαρτίηι,
1098 2189 1327 2274 ἕπονίοτρεψεν
1347 2189 1393 2265 εἷς
1413 2186 1471 2270 τὴν

384 2287 717 2355 Κανσταντινοῦπολιν
737 2288 754 2351 ά
773 2285 927 2368 βασιλεῦς
951 2290 1007 2353 καί
1033 2288 1052 2370 ἦ
1075 2294 1142 2370 μετ’
1163 2281 1265 2352 αῦτοῦ
1285 2279 1364 2351 οῦσα
1384 2288 1470 2351 πάσα

381 2386 402 2471 ἦ
424 2388 613 2471 σύγκλητος,
635 2390 670 2451 ἐν
689 2379 715 2477 ᾧ
734 2386 812 2470 μηνί
833 2384 915 2467 μετά
938 2384 995 2469 την
1016 2378 1126 2472 άφίξιν
1145 2388 1250 2451 αῦτοῦ
1268 2384 1308 2470 δὴ
1331 2390 1390 2451 τοῦ
1408 2392 1470 2468 βα.

381 2487 494 2563 σιλίιος
520 2486 662 2550 α’τιέθανε
689 2486 743 2549 καί
771 2484 789 2550 o‘
821 2484 1021 2570 πατριάρχης
1040 2488 1100 2570 κῦρ
1124 2486 1305 2567 Εῦθῦμιος·
1357 2489 1414 2551 καί
1430 2489 1518 2576 spuo

381 2582 429 2650 τά
450 2585 508 2650 τοῦ
538 2588 651 2650 Μάλου
681 2583 779 2670 μηυῦς
804 2588 862 2652 τοῦ
884 2587 986 2651 αῦτοῦ
1013 2583 1102 2663 ἔτους
1119 2583 1252 2669 ε’γενόνιι
1272 2587 1469 2670 πατριάρχης

454 2769 477 2805 ι.
493 2750 611 2841 μᾶλλον]
630 2752 717 2809 πάλιν
734 2752 764 2805 Μ
853 2769 878 2841 ²:
896 2751 1014 2826 άργυίας
1035 2756 1193 2826 τρισχιλίας
1206 2758 1257 2837 μοι
1275 2752 1468 2840 inurentes-P

451 2823 727 2965 Ξῶῦρῗλασαςβῦῦνῦν
738 2840 965 2952 ιιάίλῦριῦιῦοῗάλ
981 2828 1035 2948 λείη
1053 2863 1059 2876 ⁸
1087 2915 1112 2980 ρ
1130 2823 1286 2966 ρίῦπτλολλά
1306 2825 1468 2948 socffn'ffl

451 2964 569 3050 cuquP
641 2981 714 3091 1,sm
731 2915 868 3038 εῦρώνῦί
981 2968 1142 3038 ι4.ιιαταθ
1240 2968 1469 3043 ripoariorum?

452 3052 496 3088 ao.
513 3053 566 3108 τιυρ
583 3052 627 3090 om
1392 3096 1395 3101 .

382 3199 456 3234 snum
474 3183 562 3253 ipsum
579 3182 689 3252 coepit,
706 3182 783 3235 cuius
799 3180 958 3253 longitudo,
976 3183 1046 3247 sive,
1065 3189 1097 3234 ut
1112 3181 1209 3234 melius
1229 3181 1332 3246 dicam,
1349 3182 1467 3235 latitudo

382 3253 416 3304 ab
434 3270 489 3307 nuo
506 3255 572 3305 mari
589 3254 623 3306 ad
642 3253 756 3306 alterurn
775 3255 879 3323 orgyias
896 3263 939 3306 ter
954 3254 1031 3306 mille
1049 3261 1077 3306 et
1094 3254 1261 3322 octingentas
1277 3260 1363 3323 patet,
1378 3254 1468 3323 lougi-

381 3323 448 3377 tudo
476 3340 492 3376 s
517 3333 588 3376 terra
609 3324 712 3376 Graeca
733 3325 778 3377 vel
793 3326 896 3389 Attica,
921 3333 1064 3395 postquam
1089 3323 1260 3376 descenderis
1286 3325 1330 3377 vis
1357 3340 1467 3394 aspera.

381 3411 452 3466 quas
469 3396 603 3465 inclytos
612 3394 712 3451 Kortia*
728 3395 835 3457 dicitur,
854 3395 941 3448 donec
958 3397 988 3447 in
1003 3394 1145 3465 planitiem
1163 3396 1263 3458 venias,
1282 3412 1337 3465 quo
1359 3397 1386 3447 iu
1407 3397 1467 3448 loco

381 3466 451 3517 muri
470 3466 513 3518 illi
531 3467 658 3518 exstructi
684 3475 777 3531 erant,
799 3466 886 3518 stadia
910 3467 1040 3536 trigiam
1070 3483 1086 3517 a
1111 3466 1194 3517 muris
1212 3465 1311 3518 deiude
1330 3465 1466 3536 usquead

381 3536 505 3588 Corinthi
523 3537 608 3589 colles
622 3553 766 3607 arcemque
786 3553 865 3606 supra
877 3535 962 3588 nubes
976 3537 1140 3589 eminentem
1160 3545 1188 3589 et
1205 3537 1286 3589 finem
1298 3536 1393 3590 lstlrmi
1411 3545 1468 3590 sta·

381 3605 426 3657 dia
443 3607 529 3659 mulla
547 3615 619 3659 suut.
636 3606 838 3677 Peloponnesus
857 3608 923 3658 lolio
948 3608 1060 3677 plateni'
1072 3608 1210 3659 simillima
1230 3616 1285 3671 est,
1303 3609 1380 3659 cuius
1401 3625 1468 3659 cau-

381 3676 434 3728 lem
454 3677 571 3729 lstismur
590 3677 680 3730 refert.
698 3681 728 3730 in
747 3694 779 3730 eo
790 3679 922 3730 exstruxit
938 3680 1084 3748 imperator
1098 3687 1186 3731 turres
1205 3687 1312 3731 centurn
1330 3679 1467 3748 quiuqua-

379 3749 455 3816 ginta
473 3757 536 3801 tres.
571 3748 732 3801 invenerunt
748 3756 805 3801 tum
824 3749 854 3800 iu
870 3765 1000 3801 marmore
1018 3750 1066 3801 has
1083 3749 1188 3801 litteren
1206 3750 1368 3820 insculptas:
1393 3747 1408 3768 ‘¹
1421 3749 1467 3800 lu-

380 3836 441 3871 men
460 3835 492 3870 ex
508 3820 624 3881 lumine,
642 3818 709 3871 deus
725 3836 803 3871 verus
821 3836 855 3871 ex
873 3819 925 3872 deo
943 3836 1008 3873 vero
1026 3819 1163 3874 custodiat
1179 3821 1368 3890 imperatorem
1387 3820 1469 3871 lusti-

380 3890 491 3941 oisnum
518 3898 545 3944 et
565 3887 673 3942 fidelem
692 3890 751 3943 eius
773 3891 922 3944 ministrum
940 3891 1109 3943 Victorinum
1128 3898 1156 3944 et
1173 3908 1265 3944 omnes
1277 3890 1404 3945 Graeciae
1422 3892 1469 3943 in-

381 3960 463 4023 eolas‚
484 3961 531 4029 qui
548 3961 630 4012 vitans
649 3961 818 4013 conformant
835 3961 870 4013 ad
889 3961 1056 4014 voluntatem
1075 3958 1145 4014 slei?⁸
1405 3966 1409 3976 ⁴

451 4033 528 4081 Anno
544 4031 624 4097 69¹4,
645 4049 737 4084 mense
752 4032 856 4094 Martio,
871 4032 1017 4102 imperator
1034 4041 1075 4096 et,
1094 4033 1141 4103 qui
1161 4048 1223 4084 eum
1240 4032 1383 4084 comitatus
1401 4039 1467 4091 erat,

380 4116 519 4171 procerum
530 4100 598 4153 ordo
608 4104 757 4167 universus,
765 4103 870 4173 cpolim
882 4104 1032 4156 redierunt:
1044 4120 1097 4173 quo
1106 4102 1202 4155 eodem
1214 4119 1313 4165 mense,
1323 4101 1466 4171 postillius

380 4170 541 4231 adrentum,
559 4174 674 4225 excessit
690 4190 705 4225 e
722 4175 789 4226 vivis
806 4174 964 4241 Euthymios
981 4175 1151 4244 patriarcha,
1175 4174 1204 4225 in
1221 4173 1296 4224 cuius
1316 4173 1403 4224 locum
1420 4171 1469 4223 dis

380 4241 446 4301 Maii
465 4257 496 4292 as
517 4241 637 4293 eiusdem
660 4244 723 4296 anni
751 4253 904 4312 surrogatus
929 4252 971 4297 est
994 4244 1142 4315 louphus,
1169 4243 1341 4314 metropolita
1359 4244 1379 4295 li
1399 4242 1466 4295 lsesi.

381 4328 452 4366 anno
472 4311 559 4379 6915,
577 4315 727 4370 autumnali
742 4323 919 4387 tempestate,
938 4317 1086 4387 imperator
1105 4314 1248 4379 lohannes,
1265 4330 1358 4387 quum,
1376 4262 1470 4367 Κιλλι-
