3392 5238
422 328 500 410 τοο
736 347 908 412 ononou
936 348 1177 413 οιιιιιιιικιι

413 500 507 587 ρικοὶς
528 496 666 583 τριήρεις
682 499 912 581 προσδοκῶντος
935 499 987 562 ἵνα
1001 500 1100 581 ἐμβάς
1115 502 1162 575 εἰς
1181 496 1239 583 τήν
1252 497 1342 564 πόλιν
1365 502 1500 590 α’πίλθή,

413 599 484 667 Ῑδοά
506 596 567 683 lysi
590 591 750 679 ἄπρακτος
769 594 906 683 ἔφθασα.

498 724 545 764 ιι.
587 697 658 762 Καί
676 694 825 777 ἐμβάντες
838 699 883 773 εἰς
897 694 953 772 τάς
974 690 1175 763 restuinus
1187 695 1324 783 τριήρεις
1337 702 1391 763 καί
1411 699 1500 785 φθά-

411 822 522 875 σαντες
543 799 589 872 εἰς
607 788 764 879 Εὔριπον,
785 793 872 875 ἔδοξε
892 801 937 883 τῷ
956 799 1091 884 ου’θὲντῃ
1114 821 1178 878 μου
1199 796 1294 863 καλόν
1317 792 1397 863 εἶναι
1419 800 1499 863 οἰπο-

411 899 538 965 στεῖλαί
552 919 594 978 με
610 893 690 979 πρός
709 892 763 960 τόν
787 895 992 981 Τουραχάνήν
1020 902 1055 962 ἐν
1075 896 1165 985 Θήβῃ
1186 896 1426 983 εὑρισκόμενον,
1448 898 1528 964 ἴναὸ

410 997 451 1061 τά
472 994 547 1079 περί
565 998 621 1079 τῆς
637 991 776 1078 Ἀθήνής
797 995 882 1083 αὐτῷ
907 997 1117 1080 δήλοποιήοοι.
1170 995 1227 1061 καί
1244 1001 1498 1080 παραγενομένου

409 1121 472 1179 μου
493 1098 612 1179 ἐδέχθη
634 1117 675 1175 με
695 1092 772 1175 μετά
792 1099 918 1179 χαράς,
940 1095 995 1159 καί
1014 1094 1254 1183 ἑπλήροφόρησέ
1271 1121 1328 1178 μοι
1347 1101 1421 1178 μεθ’
1442 1093 1498 1181 όρ-
1594 1118 1601 1129 ’

409 1223 465 1262 κου
484 1200 583 1279 λέγων
604 1189 653 1259 ότι
678 1197 709 1258 εἰ
740 1192 861 1276 ἔγνωκα
882 1196 973 1260 τοῦτο
993 1194 1068 1279 πρίν
1084 1194 1206 1260 οἴκοθεν
1229 1197 1365 1276 ἐξελθεῖν
1383 1221 1424 1280 με
1446 1200 1499 1262 ἐν.

408 1299 532 1375 sariba,
563 1297 665 1367 ἕνεκεν
693 1297 748 1376 τής
768 1292 848 1377 πρός
877 1292 932 1359 τόν
959 1292 1108 1378 δεσπότην
1139 1296 1262 1380 α’γάπής
1287 1299 1343 1361 καί
1364 1297 1441 1379 πρὸς
1461 1301 1498 1363 σὲ

407 1397 581 1480 γνωριμίας
587 1393 762 1476 χαριέντως
783 1388 800 1456 ὃ
820 1393 917 1468 αίτεῖς
929 1396 1094 1479 πληρῶσαι
1107 1390 1201 1478 εἶχον,
1223 1396 1292 1459 ε’πεί
1312 1388 1387 1459 ἄνευ
1400 1418 1496 1478 προσ·
1510 1412 1548 1453 ¹0

405 1496 564 1578 τάγματος
593 1494 653 1556 τοῦ
684 1489 823 1576 μεγάλου
854 1495 1011 1559 aternus
1045 1494 1178 1578 ε’ποίήσα
1193 1498 1305 1577 τοῦτο,
1334 1491 1417 1559 διότι
1445 1492 1498 1561 δτι

405 1587 490 1679 ήμην
502 1597 535 1659 ἐν
549 1595 593 1679 τῷ
606 1588 678 1679 οἴκῳ
686 1613 750 1671 μου
765 1595 910 1667 πλείστας
933 1591 1109 1678 προφάσεις
1134 1590 1292 1678 ε’δυνάμήν
1313 1593 1428 1677 εὑρεῖν,
1440 1597 1498 1659 νῦν

405 1696 442 1758 δὲ
451 1691 612 1778 πρόφασιν
620 1684 678 1754 οάκ
687 1688 750 1772 ἔχω
765 1692 923 1772 ου’δεμιάν.
938 1691 1182 1778 φιλοφρονηθείς
1197 1694 1231 1758 δὲ
1246 1696 1420 1778 φιλοτίμως
1432 1693 1494 1776 ε’γώ

381 1797 481 1877 παρ’
494 1793 622 1869 ἐκείνου,
635 1793 689 1855 καί
700 1787 775 1865 τούς
789 1786 880 1866 υἱοάς
890 1792 993 1856 αάτοῦ
1008 1796 1187 1877 προσέφερέ
1194 1815 1249 1873 μοι
1262 1794 1307 1866 εἰς
1320 1788 1495 1876 προσκύνη-

403 1896 455 1957 σίν
463 1916 538 1974 μου,
552 1881 607 1955 rai
617 1893 807 1974 παρετίθετο
822 1888 942 1967 orituris
955 1889 1027 1972 ἐμοὶ
1040 1894 1096 1955 καί
1108 1894 1151 1977 τῷ
1165 1890 1302 1978 αόθέντῃ
1312 1914 1386 1972 μου,
1400 1892 1433 1970 ἐξ
1449 1882 1494 1956 ὧν
1508 1886 1544 1949 ι5

402 1981 443 2074 ἦν
462 1983 508 2065 εἷς
527 1988 543 2054 δ
565 1992 623 2054 νόν
643 1986 742 2064 πολός
762 1987 818 2053 καί
831 1992 930 2074 μέγας
952 1987 1086 2075 α’μήρής.
1107 1989 1162 2054 καί
1179 1985 1280 2067 οδτοος
1296 1994 1360 2055 ταῖν
1371 1995 1495 2057 ἐκεῖθεν

400 2089 620 2173 όπανὲοτρεψα
637 2080 807 2173 άπρακτος.
850 2092 906 2152 καί
927 2090 997 2152 ε’πεί
1019 2087 1228 2172 προλαβόντες
1251 2087 1280 2154 οἱ
1301 2092 1334 2153 ἐν
1362 2092 1406 2178 τῷ
1429 2093 1494 2154 Ev’·

399 2191 481 2276 ρίπιρ
503 2181 585 2272 ήραν
613 2185 672 2269 τήν
699 2191 843 2273 γέφυραν
861 2187 1018 2263 άκοοσίως
1038 2192 1078 2275 τῇ
1098 2187 1145 2252 κθ’
1166 2182 1377 2271 Λόγοάοτου,
1401 2186 1494 2273 ἡμεῖς

328 2354 330 2358 ,
399 2288 566 2368 ἐμείναμεν
585 2288 619 2351 ἐν
640 2286 741 2372 ἐκείνῃ
761 2289 798 2370 τῇ
813 2285 905 2350 νυκτί
924 2289 969 2361 εἰς
988 2285 1044 2362 τάς
1065 2286 1183 2366 ἔξωθεν
1206 2289 1263 2370 τῆς
1280 2288 1424 2373 γεφύρας
1437 2293 1493 2353 τιέ-

398 2411 497 2470 τρας·
525 2392 605 2467 (καί
627 2389 660 2451 ἐν
681 2384 784 2473 ἐκείνῃ
798 2388 839 2471 τῇ
862 2388 954 2449 νυκτί
977 2384 1077 2450 πολλά
1099 2388 1223 2452 ἐναντία
1244 2388 1405 2467 ἐπάθομεν
1426 2387 1540 2452 α’πόοο

396 2508 432 2548 τι
446 2483 573 2568 ψύχους
590 2484 646 2550 καί
656 2489 764 2559 πείνας
784 2486 839 2548 καί
858 2482 920 2547 α’πό
944 2486 997 2569 τῆς
1012 2485 1180 2570 ξηρότητος
1198 2490 1260 2550 τιόν
1280 2490 1402 2572 πετροόν
1426 2483 1490 2550 ἇπό

397 2578 431 2649 τε
453 2585 558 2672 φόβου
581 2587 644 2650 ταῖν
662 2585 782 2674 incisio
802 2586 857 2648 sai
877 2587 940 2648 suiv
961 2582 1022 2650 άπό
1052 2590 1107 2650 τοῦ
1135 2584 1323 2672 Τοοραχάνη
1350 2584 1491 2672 στρατοῦ

470 2812 492 2847 ι.
514 2794 582 2867 ἔμβγ
602 2793 744 2855 καλεῖςΡ
845 2794 869 2862 4.
889 2789 1056 2862 ΕόροιανΡ
1150 2794 1187 2846 ι6.
1205 2788 1286 2866 παρά
1306 2792 1344 2866 roi
1364 2790 1489 2867 άμηρήΡ
1570 2794 1576 2821 “

470 2913 509 2966 ιγ.
529 2893 670 2969 ΕὐβοῖςιΡ
758 2896 797 2949 18.
817 2883 869 2950 κδ’Ι
890 2891 924 2963 ἦν
943 2894 1049 2968 αδγ.Ρ
1148 2912 1191 2951 ao.
1210 2899 1242 2954 ἐν
1258 2887 1276 2972 ᾖ
1294 2901 1343 2951 καὶ
1360 2890 1488 2954 uouit>

393 3065 558 3120 Venetorum
584 3067 756 3119 mercatorias
788 3073 1004 3136 exspectantem,
1034 3066 1133 3138 quibus
1156 3068 1185 3119 in
1210 3065 1305 3119 urbesn
1323 3067 1485 3132 veheretur,

340 3142 348 3159 λ
394 3137 492 3190 l'rnstra
511 3147 636 3207 suscepto
653 3139 768 3201 itinere,
785 3139 906 3207 perveni.

442 3240 444 3243 .
467 3226 506 3259 ιι.
544 3209 633 3279 Quum
652 3210 804 3261 conscensis
824 3209 990 3262 Venetorum
1009 3206 1163 3259 triremibus
1182 3208 1361 3261 venissemus*
1377 3207 1407 3260 in
1428 3207 1484 3260 Eu·

393 3279 490 3349 ripum,
515 3280 602 3331 visum
629 3290 670 3332 est
688 3280 798 3332 domino
817 3296 897 3344 meo,
923 3280 1031 3330 mittere
1057 3295 1100 3351 nne
1118 3278 1151 3330 ad
1176 3278 1361 3331 Turachanesn
1382 3276 1484 3331 Thebis

391 3359 549 3413 versantem,
568 3360 599 3402 ut
612 3350 646 3402 de
658 3350 770 3403 Athenis
783 3367 844 3402 cum
855 3366 888 3401 eo
907 3364 1023 3417 agerem.
1050 3350 1072 3399 is
1091 3348 1279 3402 advenientem
1298 3367 1342 3402 me
1362 3349 1485 3403 hilariter

390 3423 512 3491 excepit,
539 3421 732 3491 affirmauitque
749 3438 810 3472 cum
829 3418 1017 3483 iureiurando,
1041 3420 1114 3472 istud
1133 3420 1155 3472 si
1174 3424 1309 3484 novisset,
1327 3423 1483 3489 priusquam

390 3490 471 3543 δοπιο
488 3490 542 3543 buc
553 3492 692 3562 proiectus
706 3500 785 3551 esset,
800 3509 849 3562 pro
861 3507 959 3554 amore,
991 3508 1027 3542 no
1046 3491 1074 3542 in
1086 3490 1225 3560 despotam
1239 3501 1319 3553 esset,
1334 3501 1362 3543 et
1373 3500 1485 3561 propter

389 3565 515 3615 notitiam
531 3564 594 3625 mei,
609 3562 735 3626 libenter,
745 3562 819 3632 quod
837 3507 1106 3633 peterem,‘lactunsm
1119 3562 1213 3627 fuisse,
1228 3562 1362 3632 siquidem
1379 3563 1484 3615 iniussu

388 3635 479 3703 magni
497 3650 601 3685 amerae
621 3632 673 3684 hoc
690 3633 798 3685 lecisset
815 3641 844 3685 et
874 3632 948 3683 domi
969 3633 1098 3701 plurimas
1115 3635 1251 3702 potuisset
1282 3650 1375 3685 musas
1402 3649 1483 3702 prae-

388 3706 521 3769 tendere,
538 3722 610 3756 nuno
629 3704 732 3755 nullam
750 3712 850 3774 posset.
870 3701 991 3755 babebat
1014 3712 1105 3755 autern
1122 3721 1166 3756 me
1183 3703 1300 3773 benigne
1323 3712 1351 3756 et
1368 3702 1484 3755 honori-

388 3776 453 3841 flce,
475 3793 506 3827 ac
524 3776 595 3827 lilios
622 3776 704 3827 etiam
723 3793 766 3827 sne
784 3776 931 3828 salutatum
957 3772 1087 3837 adduxit,
1113 3791 1213 3845 eosque
1238 3775 1305 3826 mibi
1324 3784 1353 3827 et
1370 3774 1482 3827 domino

387 3862 447 3898 meo
469 3844 681 3899 commendaritz
704 3862 720 3898 e
739 3846 838 3917 quibus
857 3862 926 3898 unus
945 3845 1015 3909 luit,
1033 3846 1081 3915 qui
1100 3844 1183 3897 hodie
1202 3845 1304 3898 nobilis
1322 3854 1351 3897 et
1367 3861 1482 3914 magnus

386 3933 490 3970 emeras
519 3927 569 3971 est.
606 3917 660 3970 hoc
684 3918 766 3985 igitur
788 3917 870 3970 modo
898 3915 1000 3969 inlecta
1024 3932 1053 3968 re
1087 3916 1167 3968 redii.
1201 3934 1283 3986 quum
1309 3925 1400 3969 autem
1427 3916 1484 3967 Eu·

385 3987 475 4055 ripum
493 3990 541 4059 qui
567 3987 741 4052 accolebant,
770 3989 836 4040 licet
861 3988 955 4050 inviti,
974 3997 1085 4055 pontem
1108 3988 1284 4039 sustulissent
1301 3986 1348 4039 die
1367 3986 1482 4055 Augusti

387 4074 438 4126 29,
456 4073 505 4109 nos
525 4075 583 4110 eam
601 4068 707 4111 noctem
736 4068 810 4112 extra
835 4066 944 4127 pontem
964 4057 1035 4109 inter
1057 4075 1119 4111 saxa
1135 4059 1328 4126 transegimus,
1349 4066 1378 4109 et
1394 4058 1483 4113 mults

386 4125 497 4178 adversa
515 4145 530 4179 a
548 4130 662 4197 frigore,
680 4129 750 4180 fame
769 4141 797 4181 et
815 4128 915 4180 duritie
937 4144 1081 4192 saxorum,
1105 4148 1121 4180 a
1140 4130 1235 4181 timore
1261 4129 1327 4181 item
1346 4127 1482 4181 latronum

385 4205 414 4251 et
431 4198 547 4251 militum
565 4201 731 4253 'suracbanis
749 4200 926 4277 pertulimus,
944 4200 1072 4269 quoniam
1090 4201 1155 4271 eqni
1172 4200 1273 4264 nostri,
1294 4216 1363 4273 quos
1381 4217 1397 4250 e
1415 4200 1481 4253 Lie-
