3300 5274
468 316 554 409 508
768 345 934 412 rosnurs
974 344 1249 410 ennunosrnn

466 499 586 563 πλοίων
615 489 747 579 ἑτέραν,
769 497 846 577 μεθ’
870 490 945 578 δσής
966 487 1006 563 ὄν
1026 519 1075 570 τις
1101 491 1186 560 εἴποι
1204 494 1262 579 τής
1279 490 1414 580 φρίιής·
1458 484 1551 578 ᾤοντο

465 592 527 680 γᾶν
548 593 659 663 πολλοί
675 590 770 678 μήπω
794 590 869 667 τούς
899 596 1069 673 πολεμίους
1091 594 1223 658 εἰσιέναι
1242 593 1374 657 ίιιεῖθεν.
1413 586 1448 657 τὸ
1469 594 1495 655 δ’
1515 584 1552 674 ήν

466 694 657 773 τιδναντίον,
677 689 732 756 καί
761 693 818 775 τῆς
839 715 874 775 γε
894 694 1019 768 ἐλπίδος
1051 692 1223 775 διήμαρτον
1244 688 1274 755 οἱ
1294 695 1389 755 τοῦτο
1413 688 1555 754 διανοοί-

465 814 565 875 μενοι.
605 795 696 857 τοῦτο
718 793 754 856 δὲ
776 789 856 856 κατὰ
878 788 933 856 τδν
952 792 1072 875 πύργον
1090 788 1147 854 τὸν
1166 790 1360 871 καλούμενον
1373 791 1556 869 Σαμαρείαν

465 885 550 957 εἶδον
567 887 682 966 πάντες
701 889 836 972 συμβάν.
877 886 1002 956 πάντων
1020 890 1082 975 γὰρ
1104 890 1350 972 προσδοκώντων
1370 889 1413 964 ὥς
1438 884 1512 952 ὅταν
1533 887 1584 971 ή5

467 988 559 1065 πόλις
577 987 663 1075 elici,
695 987 740 1073 μή
762 985 803 1054 δν
828 990 941 1054 τοῦτον
963 987 1064 1065 ειίθδς
1095 988 1330 1073 προσδεδόσθαι
1350 983 1372 1071 ή
1390 985 1447 1070 τήν
1467 986 1558 1069 ταχί-

466 1113 546 1172 στην
565 1086 620 1153 διαὶ
643 1090 780 1171 πολέμου
801 1091 983 1174 ληφθῆναι,
1010 1087 1091 1171 πρὸς
1119 1084 1176 1171 τήν
1200 1088 1255 1171 τής
1273 1082 1431 1171 θαλάττης
1455 1080 1559 1169 αδτήν

466 1190 609 1267 ιιείμενον
630 1186 721 1273 ήῖόνα
751 1188 806 1252 καί
838 1189 1086 1271 διατειχισμασι,
1120 1188 1175 1252 καί
1196 1181 1303 1262 ὅπλοις
1323 1185 1378 1250 καί
1395 1188 1473 1251 πᾶσι
1493 1196 1560 1262 τοῖς
1634 1172 1635 1229 δ

467 1286 652 1369 ἀναγκαίοις
671 1287 776 1362 καλῶς
794 1287 1256 1372 κατωχυρωμένσν,-ταδτήν
1276 1278 1333 1350 οὖν
1346 1283 1402 1369 τήν
1420 1286 1560 1366 ματαίαν
1635 1272 1636 1311 ¹

467 1388 583 1453 ίλπίδα
596 1385 695 1451 πάλαι
718 1381 808 1470 ήμοῖν
828 1387 1032 1469 κεκτημένων,
1054 1380 1233 1467 οὐκόλίγοι
1254 1383 1293 1469 δή
1306 1408 1388 1460 τινες
1408 1387 1463 1449 καί
1481 1382 1560 1465 πρὸς
1573 1410 1605 1450 ια
1636 1370 1637 1407 δ

407 1503 460 1573 318
470 1487 579 1550 τοῦτον
607 1487 805 1569 κατέδραμον
833 1486 889 1550 ε’πί
915 1487 1043 1574 φυλακή
1073 1486 1135 1552 τῶν
1156 1487 1247 1551 ἰδίων
1273 1483 1436 1565 στομάτοιν.
1477 1482 1560 1566 πλήν

468 1583 632 1649 τάνταῦθα
660 1586 715 1668 τῆς
742 1582 867 1661 ίλπίδος
895 1583 1090 1669 διήμαρτον·
1130 1583 1223 1668 μόγις
1243 1580 1305 1667 γὰρ
1324 1585 1390 1647 τῶν
1410 1583 1560 1648 Λατίνιον

468 1678 538 1749 ioue
559 1679 748 1767 προύχοντες
768 1677 863 1768 ήσαν,
885 1686 941 1749 καί
958 1687 1137 1769 Ὶζεταρίσον
1157 1685 1256 1767 ὀλίγοι
1274 1678 1353 1763 μετὰ
1372 1686 1437 1746 τοῖν
1457 1682 1559 1762 προῦ-

468 1781 654 1866 παρχόντιον
666 1784 712 1859 εἰς
733 1785 890 1870 φυλακήν,
907 1786 953 1859 είς
964 1786 1077 1848 τοῦτον
1094 1786 1272 1870 συνέφυγον
1283 1779 1391 1864 μόνον,
1408 1781 1463 1845 καί
1483 1776 1561 1855 τούς

469 1876 585 1957 ἄλλους
608 1879 709 1959 είθδς
729 1882 945 1949 saeuiturum
966 1884 1022 1967 τής
1035 1880 1170 1948 είσόδου.
1211 1881 1245 1946 οδ
1261 1880 1318 1945 καί
1334 1876 1387 1946 διὰ
1399 1882 1457 1943 τοῦ
1476 1875 1557 1943 κατὰ
1571 1882 1607 1945 ι5

469 1980 630 2047 θάλατταν
649 1985 904 2065 προβεβλημένου
919 1981 1173 2064 διατειχίσματος
1188 1984 1446 2069 (Περέμπουλον
1465 1982 1559 2045 τοῦτο

470 2087 575 2146 ιιαλεῖν
605 2079 719 2158 πάντες
747 2081 920 2170 εἰώθαμεν)
951 2083 998 2157 είς
1025 2080 1083 2159 τὰς
1104 2080 1244 2167 τριήρεις
1266 2081 1401 2161 εἰσίασι,
1421 2078 1481 2161 πρὸ
1501 2102 1560 2159 μι.

469 2181 550 2263 tepori
570 2179 649 2266 πρὸς
678 2177 773 2247 αὐτὸν
798 2179 879 2264 μετὰ
907 2182 1132 2266 προεισιόντονν
1163 2175 1267 2246 ἄλλων
1297 2182 1332 2244 ἐν
1352 2180 1411 2247 τοῦ
1434 2180 1561 2260 λιμένος

471 2281 753 2366 ιιαθορμισθείσας.

533 2380 586 2444 ιδ’.
611 2377 677 2446 Δια
688 2379 750 2444 ταῖν
767 2375 929 2460 κλιμάκων
945 2370 1003 2444 οὖν
1016 2375 1071 2444 καί
1083 2378 1145 2444 τοῖν
1160 2373 1358 2464 δραγμάτων,
1371 2372 1415 2452 ὥς
1428 2373 1605 2462 innurem

471 2479 535 2543 ταῖν
566 2480 724 2560 πολεμίων
750 2480 808 2562 τής
839 2475 1064 2555 nitescente
1089 2478 1272 2561 γενομένων,
1291 2475 1320 2542 οἱ
1339 2479 1400 2559 μὲν
1427 2474 1482 2542 ἑνί
1503 2473 1560 2551 τὰς

474 2576 573 2653 οίιιίας
589 2580 775 2661 συνέτρεχον
792 2578 848 2643 καί
859 2575 931 2655 τούς
950 2575 1149 2663 ἀνθρώπους,
1171 2575 1202 2642 οἱ
1213 2579 1244 2642 δ’
1255 2579 1309 2643 int*
1320 2576 1379 2652 τὰς
1392 2574 1493 2650 πύλας
1504 2577 1561 2658 τῆς

470 2671 591 2753 πόλεως
615 2674 716 2753 αι’τδς
752 2674 1003 2744 δναπιταννύναι
1033 2673 1114 2762 πρδς
1137 2674 1172 2742 τδ
1202 2673 1261 2762 τήν
1286 2674 1378 2742 πόλιν
1403 2677 1559 2742 εἰσελθεῖν

471 2941 632 3012 subrepere,
659 2941 708 2995 alii
733 2943 883 2997 triremium
906 2945 952 2998 sel
981 2944 1095 2999 aliarum
1120 2946 1303 3000 navicularum
1328 2960 1469 2999 ascensum
1486 2942 1556 3005 sibi,

469 3013 580 3066 horrore
598 3029 678 3066 saevo
697 3014 809 3085 perfusi,
827 3016 1025 3085 promittentes,
1043 3017 1078 3070 ad
1093 3017 1174 3071 litora
1196 3034 1338 3088 proruere:
1358 3031 1475 3086 namque
1493 3015 1558 3084 opi-

468 3085 605 3137 nabuntur
634 3085 738 3138 aditum
758 3086 842 3139 fuisse
867 3087 903 3139 sd
926 3104 972 3141 eas
998 3088 1124 3141 hostibus
1148 3088 1332 3141 interclusum.
1367 3095 1396 3140 at
1415 3103 1456 3139 res
1475 3086 1558 3137 aliter

468 3164 601 3222 cesserat,
628 3163 658 3209 et
684 3158 733 3226 qui
761 3157 860 3209 similia
885 3159 1118 3228 imaginabantur,
1144 3177 1192 3230 spe
1208 3177 1257 3212 sua
1286 3158 1375 3210 delusi
1395 3166 1466 3210 sunt.
1503 3156 1558 3208 laoe

468 3226 540 3278 idem
560 3235 589 3280 et
607 3226 677 3278 circa
696 3228 789 3279 turrim
801 3228 947 3280 Samariam
963 3239 1146 3300 nuncupatam
1164 3231 1309 3299 contigisse
1329 3245 1423 3281 omnes
1444 3228 1559 3297 experi-

468 3306 562 3351 mento
580 3296 828 3368 deprehenderunt.
871 3317 932 3352 nam
952 3300 1159 3363 existimabant,
1186 3302 1292 3353 etiamsi
1316 3300 1381 3352 urbs
1396 3308 1559 3369 caperetur,

466 3386 523 3421 non
542 3370 632 3420 statim
649 3384 707 3420 eam
724 3368 891 3421 deditionem
910 3371 1041 3423 iacturam
1060 3371 1105 3423 vel
1127 3371 1197 3423 adeo
1215 3372 1340 3425 celeriter
1360 3370 1396 3422 ab
1414 3385 1561 3442 oppugna·

467 3439 573 3491 toribus
590 3439 803 3509 opprimendum,
821 3441 851 3491 in
869 3441 928 3511 ipso
949 3443 1028 3494 maris
1045 3441 1126 3495 litore
1147 3444 1243 3505 sitam,
1262 3443 1344 3494 usuris
1362 3451 1392 3495 et
1409 3442 1491 3493 armis
1512 3448 1559 3491 te·

468 3519 539 3562 etam
554 3511 767 3581 necessariisque
785 3510 848 3562 aliis
868 3513 972 3581 optime
988 3514 1189 3566 communitam.
1208 3513 1259 3565 hac
1276 3530 1346 3568 rous
1363 3528 1411 3582 spe
1431 3528 1448 3562 a
1466 3511 1558 3563 multo

468 3587 590 3651 ternpore
611 3581 704 3634 lactoti
732 3597 788 3633 non
805 3581 885 3650 pauci
911 3584 941 3636 in
957 3584 1052 3649 illam,
1069 3592 1101 3637 ut
1116 3583 1233 3655 propriis
1252 3582 1409 3654 corporibus
1428 3581 1563 3651 provide·

470 3660 539 3714 rent,
556 3651 681 3704 ruebant.
721 3660 907 3705 verumtamen
930 3655 960 3707 in
984 3653 1037 3707 hoc
1059 3671 1171 3727 quoque
1193 3655 1300 3725 decepti
1319 3662 1399 3707 suut:
1420 3654 1466 3706 six
1483 3653 1560 3703 enim

470 3738 503 3773 ea
521 3722 631 3785 Latinis,
670 3722 699 3774 ui
716 3731 794 3776 erant
808 3722 979 3787 illustriores,
998 3734 1027 3777 et
1046 3725 1177 3779 Testariis
1216 3727 1283 3790 auci,
1302 3724 1436 3777 cumillis
1454 3722 1559 3794 quibus

468 3791 544 3845 lilius
572 3739 696 3845 ουιῑοδίι
722 3802 779 3845 erst
804 3794 976 3859 concredita,
1000 3797 1029 3848 in
1046 3796 1122 3849 illam
1135 3744 1332 3860 conduxerunt,
1351 3795 1559 3864 intromissique

469 3862 530 3913 aliia
559 3864 700 3917 introitum
725 3863 908 3933 denegarunt,
934 3875 962 3918 et
983 3882 1104 3931 murum,
1134 3870 1164 3920 in
1186 3884 1259 3920 mare
1284 3866 1497 3938 propendentem
1517 3864 1559 3934 (⁹

468 3933 648 4003 Taerenspulo
666 3934 739 4006 opud
754 3952 848 3989 omnes
860 3953 960 3989 nornen
977 3937 1030 4010 est)
1046 3938 1078 3990 in
1097 3940 1219 3991 triremes
1236 3939 1320 4010 paulo
1340 3946 1404 3991 ante
1421 3953 1454 3989 ex
1473 3945 1559 4007 porta

468 4019 502 4057 eo
521 4002 637 4057 deflesse
655 4022 716 4057 cum
734 4006 796 4058 aliis
813 4006 1010 4077 ingrediuntur.

544 4076 581 4142 ιή.
618 4074 666 4128 Per
683 4077 840 4147 scalaserpo
858 4087 942 4149 atque
961 4077 1101 4143 foramina,
1119 4086 1150 4131 ut
1162 4076 1287 4141 diximus,
1304 4077 1395 4130 hostes
1410 4077 1440 4129 in
1461 4074 1559 4127 urbem

467 4145 541 4197 iutro
558 4145 683 4209 coniecti,
702 4147 749 4199 alii
767 4149 797 4201 in
814 4148 896 4201 aedes
913 4158 942 4202 et
958 4147 1083 4202 homiues
1101 4165 1216 4213 currere,
1234 4149 1282 4201 alii
1296 4147 1332 4200 ad
1349 4156 1439 4218 portas
1458 4147 1560 4198 eisita-

366 4286 372 4299 ·
468 4215 505 4269 tia
522 4214 691 4288 aperiendae,
710 4226 741 4272 ut
757 4218 876 4274 Muretus
893 4220 973 4274 simul
992 4237 1054 4276 cum
1071 4226 1131 4276 toto
1149 4220 1338 4275 exerciturus
1357 4220 1387 4272 iu
1406 4235 1467 4273 eam
1486 4234 1558 4271 eon·
