<?xml version="1.0" encoding="UTF-8"?>
<!DOCTYPE html PUBLIC "-//W3C//DTD XHTML 1.0 Transitional//EN"
    "http://www.w3.org/TR/xhtml1/DTD/xhtml1-transitional.dtd">
<html xmlns="http://www.w3.org/1999/xhtml" xml:lang="en" lang="en">
 <head>
  <title>
</title>
<meta http-equiv="Content-Type" content="text/html;charset=utf-8" />
  <meta name='ocr-system' content='tesseract 3.04.00' />
  <meta name='ocr-capabilities' content='ocr_page ocr_carea ocr_par ocr_line ocrx_word'/>
</head>
<body>
  <div class='ocr_page' id='page_1' title='image "./georgiusphrantz00allagoog_0286.png"; bbox 0 0 3402 5222; ppageno 0'>
   <div class='ocr_carea' id='block_1_1' title="bbox 575 380 1296 495">
    <p class='ocr_par' dir='ltr' id='par_1_1' title="bbox 575 380 1296 495">
     <span class='ocr_line' id='line_1_1' title="bbox 575 380 1296 495; baseline -0.012 -22"><span class='ocrx_word' id='word_1_1' title='bbox 575 411 650 473; x_wconf 82' lang='lat' dir='ltr'><strong>mu.</strong></span> <span class='ocrx_word' id='word_1_2' title='bbox 671 413 726 477; x_wconf 97' lang='grc' dir='ltr'><strong>ιιι.</strong></span> <span class='ocrx_word' id='word_1_3' title='bbox 755 410 845 478; x_wconf 76' lang='grc' dir='ltr'><strong>(ιιι.</strong></span> <span class='ocrx_word' id='word_1_4' title='bbox 867 416 921 474; x_wconf 79' lang='lat' dir='ltr'><strong>vr.</strong></span> <span class='ocrx_word' id='word_1_5' title='bbox 1203 380 1296 495; x_wconf 81' lang='grc' dir='ltr'><strong>ἰηι</strong></span> 
     </span>
    </p>
   </div>
   <div class='ocr_carea' id='block_1_2' title="bbox 186 554 1399 1341">
    <p class='ocr_par' dir='ltr' id='par_1_2' title="bbox 186 554 1399 1341">
     <span class='ocr_line' id='line_1_2' title="bbox 223 554 1304 646; baseline -0.001 -21"><span class='ocrx_word' id='word_1_6' title='bbox 223 616 228 625; x_wconf 84' lang='grc'><strong><em>,</em></strong></span> <span class='ocrx_word' id='word_1_7' title='bbox 301 558 502 639; x_wconf 70' lang='grc' dir='ltr'><strong>Ἀκούσαντες</strong></span> <span class='ocrx_word' id='word_1_8' title='bbox 524 561 560 626; x_wconf 78' lang='grc' dir='ltr'><strong>δὲ</strong></span> <span class='ocrx_word' id='word_1_9' title='bbox 582 554 673 645; x_wconf 69' lang='grc' dir='ltr'><strong><em>ἡμεῖς</em></strong></span> <span class='ocrx_word' id='word_1_10' title='bbox 693 561 728 625; x_wconf 73' lang='grc' dir='ltr'><strong><em>ἐν</em></strong></span> <span class='ocrx_word' id='word_1_11' title='bbox 746 563 785 646; x_wconf 80' lang='grc' dir='ltr'><strong><em>τῇ</em></strong></span> <span class='ocrx_word' id='word_1_12' title='bbox 803 557 895 627; x_wconf 89' lang='grc' dir='ltr'><strong><em>πόλει</em></strong></span> <span class='ocrx_word' id='word_1_13' title='bbox 913 562 969 642; x_wconf 72' lang='grc' dir='ltr'><strong>τῆς</strong></span> <span class='ocrx_word' id='word_1_14' title='bbox 988 556 1145 644; x_wconf 85' lang='grc' dir='ltr'><strong><em>τοσαότης</em></strong></span> <span class='ocrx_word' id='word_1_15' title='bbox 1165 563 1304 645; x_wconf 78' lang='grc' dir='ltr'><strong><em>κραυγῆς</em></strong></span> 
     </span>
     <span class='ocr_line' id='line_1_3' title="bbox 215 646 1303 750; baseline -0.01 -17"><span class='ocrx_word' id='word_1_16' title='bbox 215 661 294 734; x_wconf 83' lang='grc' dir='ltr'><strong><em>ῶσεί</em></strong></span> <span class='ocrx_word' id='word_1_17' title='bbox 314 655 393 750; x_wconf 76' lang='grc' dir='ltr'><strong><em>ἦχον</em></strong></span> <span class='ocrx_word' id='word_1_18' title='bbox 417 663 518 743; x_wconf 70' lang='grc' dir='ltr'><strong><em>μέγαν</em></strong></span> <span class='ocrx_word' id='word_1_19' title='bbox 537 656 720 743; x_wconf 74' lang='grc' dir='ltr'><strong><em>θαλάσσης,</em></strong></span> <span class='ocrx_word' id='word_1_20' title='bbox 741 657 949 743; x_wconf 71' lang='grc' dir='ltr'><strong>ἐλογιζόμεθα</strong></span> <span class='ocrx_word' id='word_1_21' title='bbox 973 665 1008 724; x_wconf 93' lang='grc' dir='ltr'><strong><em>τί</em></strong></span> <span class='ocrx_word' id='word_1_22' title='bbox 1024 654 1089 743; x_wconf 85' lang='grc' dir='ltr'><strong><em>άρα</em></strong></span> <span class='ocrx_word' id='word_1_23' title='bbox 1105 646 1193 725; x_wconf 71' lang='grc' dir='ltr'><strong><em>ἐστί·</em></strong></span> <span class='ocrx_word' id='word_1_24' title='bbox 1235 661 1303 740; x_wconf 81' lang='grc' dir='ltr'><strong><em>μετ’</em></strong></span> 
     </span>
     <span class='ocr_line' id='line_1_4' title="bbox 215 750 1399 850; baseline -0.008 -19"><span class='ocrx_word' id='word_1_25' title='bbox 215 766 321 850; x_wconf 85' lang='grc' dir='ltr'><strong><em>όλίγον</em></strong></span> <span class='ocrx_word' id='word_1_26' title='bbox 342 764 378 829; x_wconf 72' lang='grc' dir='ltr'><strong>δὲ</strong></span> <span class='ocrx_word' id='word_1_27' title='bbox 397 757 559 843; x_wconf 85' lang='grc' dir='ltr'><strong><em>ε’μόθομεν</em></strong></span> <span class='ocrx_word' id='word_1_28' title='bbox 578 760 717 841; x_wconf 78' lang='grc' dir='ltr'><strong><em>βεβαίοις</em></strong></span> <span class='ocrx_word' id='word_1_29' title='bbox 736 760 792 823; x_wconf 85' lang='grc' dir='ltr'><strong>καί</strong></span> <span class='ocrx_word' id='word_1_30' title='bbox 804 761 839 824; x_wconf 76' lang='grc' dir='ltr'><strong><em>ἐν</em></strong></span> <span class='ocrx_word' id='word_1_31' title='bbox 860 759 996 846; x_wconf 80' lang='grc' dir='ltr'><strong><em>άληθείρ</em></strong></span> <span class='ocrx_word' id='word_1_32' title='bbox 1018 756 1067 822; x_wconf 89' lang='grc' dir='ltr'><strong><em>ότι</em></strong></span> <span class='ocrx_word' id='word_1_33' title='bbox 1091 759 1145 823; x_wconf 70' lang='lat' dir='ltr'><strong>lna*</strong></span> <span class='ocrx_word' id='word_1_34' title='bbox 1163 754 1221 843; x_wconf 67' lang='grc' dir='ltr'><strong>τὴν</strong></span> <span class='ocrx_word' id='word_1_35' title='bbox 1244 750 1305 822; x_wconf 65' lang='lat' dir='ltr'><strong>oei·</strong></span> <span class='ocrx_word' id='word_1_36' title='bbox 1330 752 1333 759; x_wconf 56' lang='grc'>’</span> <span class='ocrx_word' id='word_1_37' title='bbox 1394 766 1399 775; x_wconf 90' lang='grc'><strong>’</strong></span> 
     </span>
     <span class='ocr_line' id='line_1_5' title="bbox 213 855 1303 950; baseline -0.008 -21"><span class='ocrx_word' id='word_1_38' title='bbox 213 888 284 950; x_wconf 79' lang='lat' dir='ltr'><strong>pros</strong></span> <span class='ocrx_word' id='word_1_39' title='bbox 316 863 479 943; x_wconf 83' lang='grc' dir='ltr'><strong><em>όάμηρῶς</em></strong></span> <span class='ocrx_word' id='word_1_40' title='bbox 510 857 662 942; x_wconf 73' lang='grc' dir='ltr'><strong>ἡτοίμασε</strong></span> <span class='ocrx_word' id='word_1_41' title='bbox 688 857 839 942; x_wconf 82' lang='grc' dir='ltr'><strong><em>χερσαῐόν</em></strong></span> <span class='ocrx_word' id='word_1_42' title='bbox 860 881 896 923; x_wconf 88' lang='grc' dir='ltr'><strong>τε</strong></span> <span class='ocrx_word' id='word_1_43' title='bbox 924 858 980 924; x_wconf 76' lang='grc' dir='ltr'><strong><em>κατ’</em></strong></span> <span class='ocrx_word' id='word_1_44' title='bbox 1007 856 1141 941; x_wconf 76' lang='grc' dir='ltr'><strong><em>όδραίσν</em></strong></span> <span class='ocrx_word' id='word_1_45' title='bbox 1166 855 1303 937; x_wconf 72' lang='grc' dir='ltr'><strong><em>πόλεμον</em></strong></span> 
     </span>
     <span class='ocr_line' id='line_1_6' title="bbox 186 949 1303 1050; baseline -0.009 -20"><span class='ocrx_word' id='word_1_46' title='bbox 186 963 374 1050; x_wconf 84' lang='grc' dir='ltr'><strong><em>5σφοδρῶς,</em></strong></span> <span class='ocrx_word' id='word_1_47' title='bbox 395 954 469 1024; x_wconf 78' lang='lat' dir='ltr'><strong>loos</strong></span> <span class='ocrx_word' id='word_1_48' title='bbox 488 958 576 1045; x_wconf 75' lang='grc' dir='ltr'><strong><em>αάτῷ</em></strong></span> <span class='ocrx_word' id='word_1_49' title='bbox 604 949 645 1040; x_wconf 78' lang='grc' dir='ltr'><strong><em>ἧν</em></strong></span> <span class='ocrx_word' id='word_1_50' title='bbox 675 955 817 1039; x_wconf 85' lang='grc' dir='ltr'><strong><em>δυνατόν,</em></strong></span> <span class='ocrx_word' id='word_1_51' title='bbox 837 960 936 1022; x_wconf 84' lang='grc' dir='ltr'><strong><em>δῶσαι</em></strong></span> <span class='ocrx_word' id='word_1_52' title='bbox 956 957 996 1045; x_wconf 76' lang='grc' dir='ltr'><strong><em>τῇ</em></strong></span> <span class='ocrx_word' id='word_1_53' title='bbox 1015 955 1115 1021; x_wconf 83' lang='grc' dir='ltr'><strong><em>πόλει.</em></strong></span> <span class='ocrx_word' id='word_1_54' title='bbox 1155 956 1245 1042; x_wconf 77' lang='grc' dir='ltr'><strong><em>ἡμεῖς</em></strong></span> <span class='ocrx_word' id='word_1_55' title='bbox 1268 957 1303 1021; x_wconf 81' lang='lat' dir='ltr'><strong>tt</strong></span> 
     </span>
     <span class='ocr_line' id='line_1_7' title="bbox 213 1051 1301 1147; baseline -0.009 -19"><span class='ocrx_word' id='word_1_56' title='bbox 213 1066 411 1147; x_wconf 81' lang='grc' dir='ltr'><strong><em>θεωροῦντες</em></strong></span> <span class='ocrx_word' id='word_1_57' title='bbox 434 1056 581 1122; x_wconf 78' lang='grc' dir='ltr'><strong><em>τοσοῦτον</em></strong></span> <span class='ocrx_word' id='word_1_58' title='bbox 602 1058 724 1141; x_wconf 77' lang='grc' dir='ltr'><strong><em>πλῆθος</em></strong></span> <span class='ocrx_word' id='word_1_59' title='bbox 754 1059 819 1121; x_wconf 85' lang='grc' dir='ltr'><strong>τῶν</strong></span> <span class='ocrx_word' id='word_1_60' title='bbox 839 1056 976 1137; x_wconf 78' lang='grc' dir='ltr'><strong><em>ἀσεβῶν,</em></strong></span> <span class='ocrx_word' id='word_1_61' title='bbox 997 1059 1076 1139; x_wconf 70' lang='grc' dir='ltr'><strong><em>λόγον</em></strong></span> <span class='ocrx_word' id='word_1_62' title='bbox 1090 1051 1141 1132; x_wconf 69' lang='grc' dir='ltr'><strong><em>’ῶς</em></strong></span> <span class='ocrx_word' id='word_1_63' title='bbox 1153 1057 1231 1135; x_wconf 68' lang='grc' dir='ltr'><strong><em>ἐμοί</em></strong></span> <span class='ocrx_word' id='word_1_64' title='bbox 1249 1056 1301 1118; x_wconf 82' lang='lat' dir='ltr'><strong>‹lo-</strong></span> 
     </span>
     <span class='ocr_line' id='line_1_8' title="bbox 216 1148 1301 1244; baseline -0.008 -17"><span class='ocrx_word' id='word_1_65' title='bbox 216 1171 274 1244; x_wconf 81' lang='grc' dir='ltr'><strong><em>κεῖ,</em></strong></span> <span class='ocrx_word' id='word_1_66' title='bbox 297 1155 395 1235; x_wconf 80' lang='grc' dir='ltr'><strong><em>ὄντας</em></strong></span> <span class='ocrx_word' id='word_1_67' title='bbox 415 1160 488 1222; x_wconf 87' lang='grc' dir='ltr'><strong><em>καθ’</em></strong></span> <span class='ocrx_word' id='word_1_68' title='bbox 508 1152 641 1222; x_wconf 71' lang='grc' dir='ltr'><strong><em>ἕκαστον</em></strong></span> <span class='ocrx_word' id='word_1_69' title='bbox 658 1155 749 1240; x_wconf 78' lang='grc' dir='ltr'><strong><em>ἡμῶν</em></strong></span> <span class='ocrx_word' id='word_1_70' title='bbox 768 1153 963 1220; x_wconf 85' lang='grc' dir='ltr'><strong><em>πεντακόσιοι</em></strong></span> <span class='ocrx_word' id='word_1_71' title='bbox 976 1158 1033 1220; x_wconf 75' lang='grc' dir='ltr'><strong><em>κατ’</em></strong></span> <span class='ocrx_word' id='word_1_72' title='bbox 1046 1161 1151 1219; x_wconf 81' lang='grc' dir='ltr'><strong><em>πλεῖον</em></strong></span> <span class='ocrx_word' id='word_1_73' title='bbox 1166 1148 1248 1239; x_wconf 72' lang='grc' dir='ltr'><strong><em>ἦσαν</em></strong></span> <span class='ocrx_word' id='word_1_74' title='bbox 1267 1160 1301 1233; x_wconf 73' lang='grc' dir='ltr'><strong>ἐξ</strong></span> 
     </span>
     <span class='ocr_line' id='line_1_9' title="bbox 214 1247 1302 1341; baseline -0.007 -15"><span class='ocrx_word' id='word_1_75' title='bbox 214 1261 334 1328; x_wconf 71' lang='grc' dir='ltr'><strong><em>αὐτῶν·</em></strong></span> <span class='ocrx_word' id='word_1_76' title='bbox 385 1253 440 1322; x_wconf 82' lang='grc' dir='ltr'><strong><em>καί</em></strong></span> <span class='ocrx_word' id='word_1_77' title='bbox 458 1257 504 1331; x_wconf 73' lang='grc' dir='ltr'><strong>εἰς</strong></span> <span class='ocrx_word' id='word_1_78' title='bbox 519 1251 579 1338; x_wconf 70' lang='grc' dir='ltr'><strong>τὴν</strong></span> <span class='ocrx_word' id='word_1_79' title='bbox 607 1247 674 1320; x_wconf 83' lang='grc' dir='ltr'><strong><em>άνω</em></strong></span> <span class='ocrx_word' id='word_1_80' title='bbox 695 1253 846 1339; x_wconf 89' lang='grc' dir='ltr'><strong><em>πρόνοιαν</em></strong></span> <span class='ocrx_word' id='word_1_81' title='bbox 866 1253 970 1331; x_wconf 88' lang='grc' dir='ltr'><strong><em>πάσας</em></strong></span> <span class='ocrx_word' id='word_1_82' title='bbox 989 1255 1079 1341; x_wconf 74' lang='grc' dir='ltr'><strong><em>ἡμῶν</em></strong></span> <span class='ocrx_word' id='word_1_83' title='bbox 1097 1252 1152 1330; x_wconf 85' lang='grc' dir='ltr'><strong>τάς</strong></span> <span class='ocrx_word' id='word_1_84' title='bbox 1172 1256 1302 1333; x_wconf 76' lang='grc' dir='ltr'><strong><em>ἐλπίόας</em></strong></span> 
     </span>
    </p>
   </div>
   <div class='ocr_carea' id='block_1_3' title="bbox 213 1350 1568 1441">
    <p class='ocr_par' dir='ltr' id='par_1_3' title="bbox 213 1350 1568 1441">
     <span class='ocr_line' id='line_1_10' title="bbox 213 1350 1568 1441; baseline -0.001 -16"><span class='ocrx_word' id='word_1_85' title='bbox 213 1362 406 1441; x_wconf 83' lang='grc' dir='ltr'><strong><em>α’νεθὲμεθα.</em></strong></span> <span class='ocrx_word' id='word_1_86' title='bbox 454 1355 510 1418; x_wconf 81' lang='grc' dir='ltr'><strong>καί</strong></span> <span class='ocrx_word' id='word_1_87' title='bbox 533 1351 709 1439; x_wconf 79' lang='grc' dir='ltr'><strong><em>προστάξας</em></strong></span> <span class='ocrx_word' id='word_1_88' title='bbox 729 1353 746 1418; x_wconf 92' lang='grc' dir='ltr'><strong><em>ό</em></strong></span> <span class='ocrx_word' id='word_1_89' title='bbox 768 1350 920 1436; x_wconf 79' lang='grc' dir='ltr'><strong><em>βασιλεός</em></strong></span> <span class='ocrx_word' id='word_1_90' title='bbox 949 1357 1002 1419; x_wconf 84' lang='grc' dir='ltr'><strong>ἳνα</strong></span> <span class='ocrx_word' id='word_1_91' title='bbox 1023 1351 1102 1435; x_wconf 81' lang='grc' dir='ltr'><strong><em>μετά</em></strong></span> <span class='ocrx_word' id='word_1_92' title='bbox 1122 1358 1185 1420; x_wconf 88' lang='grc' dir='ltr'><strong>τῶν</strong></span> <span class='ocrx_word' id='word_1_93' title='bbox 1204 1353 1300 1437; x_wconf 85' lang='grc' dir='ltr'><strong><em>άγίων</em></strong></span> <span class='ocrx_word' id='word_1_94' title='bbox 1380 1420 1410 1431; x_wconf 82' lang='grc'><strong>,,</strong></span> <span class='ocrx_word' id='word_1_95' title='bbox 1484 1422 1491 1433; x_wconf 77' lang='grc'><strong>,</strong></span> <span class='ocrx_word' id='word_1_96' title='bbox 1559 1424 1568 1435; x_wconf 75' lang='grc'><em>,</em></span> 
     </span>
    </p>
   </div>
   <div class='ocr_carea' id='block_1_4' title="bbox 159 1450 1301 2633">
    <p class='ocr_par' dir='ltr' id='par_1_4' title="bbox 159 1450 1301 2633">
     <span class='ocr_line' id='line_1_11' title="bbox 168 1450 1299 1538; baseline -0.004 -16"><span class='ocrx_word' id='word_1_97' title='bbox 168 1462 270 1530; x_wconf 79' lang='lat' dir='ltr'><strong>rosei</strong></span> <span class='ocrx_word' id='word_1_98' title='bbox 286 1459 408 1534; x_wconf 76' lang='grc' dir='ltr'><strong><em>σεπτῶν</em></strong></span> <span class='ocrx_word' id='word_1_99' title='bbox 428 1450 557 1520; x_wconf 81' lang='grc' dir='ltr'><strong><em>εἰκόνων</em></strong></span> <span class='ocrx_word' id='word_1_100' title='bbox 569 1455 625 1518; x_wconf 86' lang='grc' dir='ltr'><strong>καί</strong></span> <span class='ocrx_word' id='word_1_101' title='bbox 643 1454 706 1519; x_wconf 89' lang='grc' dir='ltr'><strong>τῶν</strong></span> <span class='ocrx_word' id='word_1_102' title='bbox 717 1456 815 1518; x_wconf 85' lang='grc' dir='ltr'><strong><em>θείων</em></strong></span> <span class='ocrx_word' id='word_1_103' title='bbox 829 1451 1060 1535; x_wconf 71' lang='grc' dir='ltr'><strong><em>ἐνστομισμάτων</em></strong></span> <span class='ocrx_word' id='word_1_104' title='bbox 1072 1451 1168 1538; x_wconf 80' lang='grc' dir='ltr'><strong><em>ἱερεῖς</em></strong></span> <span class='ocrx_word' id='word_1_105' title='bbox 1189 1454 1299 1537; x_wconf 80' lang='grc' dir='ltr'><strong><em>α’ρχιε-</em></strong></span> 
     </span>
     <span class='ocr_line' id='line_1_12' title="bbox 214 1550 1297 1643; baseline -0.005 -22"><span class='ocrx_word' id='word_1_106' title='bbox 214 1568 281 1643; x_wconf 83' lang='grc' dir='ltr'><strong><em>ρεῖς</em></strong></span> <span class='ocrx_word' id='word_1_107' title='bbox 301 1558 356 1621; x_wconf 76' lang='grc' dir='ltr'><strong>καί</strong></span> <span class='ocrx_word' id='word_1_108' title='bbox 373 1552 521 1637; x_wconf 81' lang='grc' dir='ltr'><strong><em>μσναχοί,</em></strong></span> <span class='ocrx_word' id='word_1_109' title='bbox 541 1554 685 1636; x_wconf 75' lang='grc' dir='ltr'><strong><em>γυναῖκές</em></strong></span> <span class='ocrx_word' id='word_1_110' title='bbox 702 1576 736 1617; x_wconf 86' lang='grc' dir='ltr'><strong>τε</strong></span> <span class='ocrx_word' id='word_1_111' title='bbox 750 1556 812 1625; x_wconf 79' lang='grc' dir='ltr'><strong><em>καί,</em></strong></span> <span class='ocrx_word' id='word_1_112' title='bbox 826 1555 952 1635; x_wconf 73' lang='grc' dir='ltr'><strong><em>παιδία,</em></strong></span> <span class='ocrx_word' id='word_1_113' title='bbox 973 1551 1054 1634; x_wconf 82' lang='grc' dir='ltr'><strong><em>μετά</em></strong></span> <span class='ocrx_word' id='word_1_114' title='bbox 1078 1553 1226 1637; x_wconf 76' lang='grc' dir='ltr'><strong><em>δακρύων</em></strong></span> <span class='ocrx_word' id='word_1_115' title='bbox 1244 1550 1297 1617; x_wconf 70' lang='lat' dir='ltr'><strong>til</strong></span> 
     </span>
     <span class='ocr_line' id='line_1_13' title="bbox 212 1647 1298 1739; baseline -0.004 -17"><span class='ocrx_word' id='word_1_116' title='bbox 212 1660 278 1722; x_wconf 87' lang='grc' dir='ltr'><strong>τῶν</strong></span> <span class='ocrx_word' id='word_1_117' title='bbox 296 1658 412 1739; x_wconf 90' lang='grc' dir='ltr'><strong><em>τειχῶν</em></strong></span> <span class='ocrx_word' id='word_1_118' title='bbox 431 1655 487 1738; x_wconf 76' lang='grc' dir='ltr'><strong>τῆς</strong></span> <span class='ocrx_word' id='word_1_119' title='bbox 506 1650 625 1728; x_wconf 79' lang='grc' dir='ltr'><strong><em>πόλεως</em></strong></span> <span class='ocrx_word' id='word_1_120' title='bbox 644 1647 883 1737; x_wconf 76' lang='grc' dir='ltr'><strong>περιερχόμενοι</strong></span> <span class='ocrx_word' id='word_1_121' title='bbox 908 1651 942 1718; x_wconf 90' lang='grc' dir='ltr'><strong><em>τό</em></strong></span> <span class='ocrx_word' id='word_1_122' title='bbox 963 1652 1054 1736; x_wconf 89' lang='grc' dir='ltr'><strong><em>κόριε</em></strong></span> <span class='ocrx_word' id='word_1_123' title='bbox 1073 1652 1201 1737; x_wconf 80' lang='grc' dir='ltr'><strong><em>ε’λέησον</em></strong></span> <span class='ocrx_word' id='word_1_124' title='bbox 1219 1649 1298 1732; x_wconf 82' lang='grc' dir='ltr'><strong><em>μετά</em></strong></span> 
     </span>
     <span class='ocr_line' id='line_1_14' title="bbox 214 1749 1300 1841; baseline -0.002 -21"><span class='ocrx_word' id='word_1_125' title='bbox 214 1755 364 1841; x_wconf 80' lang='grc' dir='ltr'><strong><em>όακρόανν</em></strong></span> <span class='ocrx_word' id='word_1_126' title='bbox 397 1751 546 1836; x_wconf 78' lang='grc' dir='ltr'><strong><em>ἔκραζον,</em></strong></span> <span class='ocrx_word' id='word_1_127' title='bbox 577 1753 633 1816; x_wconf 81' lang='grc' dir='ltr'><strong>καί</strong></span> <span class='ocrx_word' id='word_1_128' title='bbox 656 1749 712 1817; x_wconf 88' lang='grc' dir='ltr'><strong>τόν</strong></span> <span class='ocrx_word' id='word_1_129' title='bbox 738 1750 817 1817; x_wconf 87' lang='grc' dir='ltr'><strong><em>θεόν</em></strong></span> <span class='ocrx_word' id='word_1_130' title='bbox 848 1749 988 1817; x_wconf 74' lang='grc' dir='ltr'><strong><em>ἱκέτευον</em></strong></span> <span class='ocrx_word' id='word_1_131' title='bbox 1014 1755 1066 1816; x_wconf 77' lang='grc' dir='ltr'><strong>ἵνα</strong></span> <span class='ocrx_word' id='word_1_132' title='bbox 1096 1750 1141 1837; x_wconf 75' lang='grc' dir='ltr'><strong>μη</strong></span> <span class='ocrx_word' id='word_1_133' title='bbox 1168 1750 1222 1818; x_wconf 81' lang='grc' dir='ltr'><strong>διά</strong></span> <span class='ocrx_word' id='word_1_134' title='bbox 1242 1750 1300 1829; x_wconf 83' lang='grc' dir='ltr'><strong>τάς</strong></span> 
     </span>
     <span class='ocr_line' id='line_1_15' title="bbox 213 1847 1301 1939; baseline -0.002 -20"><span class='ocrx_word' id='word_1_135' title='bbox 213 1852 372 1938; x_wconf 84' lang='grc' dir='ltr'><strong><em>όμορτίας</em></strong></span> <span class='ocrx_word' id='word_1_136' title='bbox 400 1851 493 1936; x_wconf 75' lang='grc' dir='ltr'><strong><em>ἡμῶν</em></strong></span> <span class='ocrx_word' id='word_1_137' title='bbox 512 1847 685 1939; x_wconf 78' lang='grc' dir='ltr'><strong><em>παραδῶση</em></strong></span> <span class='ocrx_word' id='word_1_138' title='bbox 707 1850 791 1936; x_wconf 75' lang='grc' dir='ltr'><strong><em>ἡμᾶς</em></strong></span> <span class='ocrx_word' id='word_1_139' title='bbox 819 1854 865 1927; x_wconf 79' lang='grc' dir='ltr'><strong>εἰς</strong></span> <span class='ocrx_word' id='word_1_140' title='bbox 889 1860 1001 1935; x_wconf 83' lang='grc' dir='ltr'><strong><em>χεῖρας</em></strong></span> <span class='ocrx_word' id='word_1_141' title='bbox 1025 1853 1153 1935; x_wconf 81' lang='grc' dir='ltr'><strong><em>ἐχθρῶν</em></strong></span> <span class='ocrx_word' id='word_1_142' title='bbox 1173 1852 1301 1934; x_wconf 84' lang='grc' dir='ltr'><strong><em>άνόμσαν</em></strong></span> 
     </span>
     <span class='ocr_line' id='line_1_16' title="bbox 164 1947 1299 2036; baseline -0.005 -15"><span class='ocrx_word' id='word_1_143' title='bbox 164 1953 269 2021; x_wconf 74' lang='grc' dir='ltr'><strong><em>ιὸκαί</em></strong></span> <span class='ocrx_word' id='word_1_144' title='bbox 289 1952 477 2019; x_wconf 71' lang='grc' dir='ltr'><strong><em>ἀποστατῶν</em></strong></span> <span class='ocrx_word' id='word_1_145' title='bbox 505 1953 560 2015; x_wconf 83' lang='grc' dir='ltr'><strong>καί</strong></span> <span class='ocrx_word' id='word_1_146' title='bbox 577 1947 799 2036; x_wconf 76' lang='grc' dir='ltr'><strong><em>πονηροτάτων</em></strong></span> <span class='ocrx_word' id='word_1_147' title='bbox 827 1948 916 2034; x_wconf 84' lang='grc' dir='ltr'><strong><em>παρά</em></strong></span> <span class='ocrx_word' id='word_1_148' title='bbox 939 1953 1044 2015; x_wconf 83' lang='grc' dir='ltr'><strong><em>πάσαν</em></strong></span> <span class='ocrx_word' id='word_1_149' title='bbox 1070 1950 1128 2034; x_wconf 76' lang='grc' dir='ltr'><strong>την</strong></span> <span class='ocrx_word' id='word_1_150' title='bbox 1144 1953 1211 2035; x_wconf 71' lang='grc' dir='ltr'><strong><em>γῆν,</em></strong></span> <span class='ocrx_word' id='word_1_151' title='bbox 1231 1950 1299 2016; x_wconf 73' lang='grc' dir='ltr'><strong><em>ἄλλ’</em></strong></span> 
     </span>
     <span class='ocr_line' id='line_1_17' title="bbox 212 2046 1299 2138; baseline -0.005 -22"><span class='ocrx_word' id='word_1_152' title='bbox 212 2048 493 2135; x_wconf 76' lang='grc' dir='ltr'><strong><em>λλεσνςγενησηται</em></strong></span> <span class='ocrx_word' id='word_1_153' title='bbox 513 2046 590 2134; x_wconf 73' lang='grc' dir='ltr'><strong><em>ἡμῖν</em></strong></span> <span class='ocrx_word' id='word_1_154' title='bbox 608 2052 647 2135; x_wconf 75' lang='grc' dir='ltr'><strong><em>τῇ</em></strong></span> <span class='ocrx_word' id='word_1_155' title='bbox 666 2051 855 2138; x_wconf 65' lang='grc' dir='ltr'><strong><em>κληρονομιρι</em></strong></span> <span class='ocrx_word' id='word_1_156' title='bbox 874 2047 986 2112; x_wconf 64' lang='lat' dir='ltr'><strong>aurosi.</strong></span> <span class='ocrx_word' id='word_1_157' title='bbox 1014 2052 1069 2113; x_wconf 80' lang='grc' dir='ltr'><strong>καί</strong></span> <span class='ocrx_word' id='word_1_158' title='bbox 1096 2047 1177 2129; x_wconf 86' lang='grc' dir='ltr'><strong><em>μετά</em></strong></span> <span class='ocrx_word' id='word_1_159' title='bbox 1200 2056 1299 2114; x_wconf 89' lang='grc' dir='ltr'><strong><em>κλαυ.</em></strong></span> 
     </span>
     <span class='ocr_line' id='line_1_18' title="bbox 212 2143 1300 2235; baseline -0.005 -18"><span class='ocrx_word' id='word_1_160' title='bbox 212 2154 301 2233; x_wconf 78' lang='grc' dir='ltr'><strong><em>θμσό</em></strong></span> <span class='ocrx_word' id='word_1_161' title='bbox 321 2150 476 2235; x_wconf 71' lang='grc' dir='ltr'><strong><em>ἀλλήλους</em></strong></span> <span class='ocrx_word' id='word_1_162' title='bbox 496 2143 748 2233; x_wconf 86' lang='grc' dir='ltr'><strong><em>α’νεθαρρόνοντο</em></strong></span> <span class='ocrx_word' id='word_1_163' title='bbox 769 2149 822 2212; x_wconf 75' lang='grc' dir='ltr'><strong>ἵνα</strong></span> <span class='ocrx_word' id='word_1_164' title='bbox 838 2147 992 2231; x_wconf 76' lang='grc' dir='ltr'><strong><em>α’νάρείανς</em></strong></span> <span class='ocrx_word' id='word_1_165' title='bbox 1006 2148 1221 2213; x_wconf 85' lang='grc' dir='ltr'><strong><em>άντισταθῶσι</em></strong></span> <span class='ocrx_word' id='word_1_166' title='bbox 1234 2158 1300 2225; x_wconf 77' lang='grc' dir='ltr'><strong><em>τοῖς</em></strong></span> 
     </span>
     <span class='ocr_line' id='line_1_19' title="bbox 211 2242 1299 2337; baseline -0.004 -20"><span class='ocrx_word' id='word_1_167' title='bbox 211 2249 361 2325; x_wconf 75' lang='grc' dir='ltr'><strong><em>ἐναντίοις</em></strong></span> <span class='ocrx_word' id='word_1_168' title='bbox 381 2252 436 2315; x_wconf 80' lang='grc' dir='ltr'><strong>ἐπί</strong></span> <span class='ocrx_word' id='word_1_169' title='bbox 453 2248 490 2336; x_wconf 70' lang='grc' dir='ltr'><strong><em>τῇ</em></strong></span> <span class='ocrx_word' id='word_1_170' title='bbox 510 2242 578 2337; x_wconf 82' lang='grc' dir='ltr'><strong><em>ῶρρι</em></strong></span> <span class='ocrx_word' id='word_1_171' title='bbox 595 2250 653 2331; x_wconf 79' lang='grc' dir='ltr'><strong>τῆς</strong></span> <span class='ocrx_word' id='word_1_172' title='bbox 671 2250 862 2331; x_wconf 78' lang='grc' dir='ltr'><strong><em>συμπλοκῆς.</em></strong></span> <span class='ocrx_word' id='word_1_173' title='bbox 903 2245 1021 2327; x_wconf 86' lang='grc' dir='ltr'><strong><em>όμσίσις</em></strong></span> <span class='ocrx_word' id='word_1_174' title='bbox 1041 2250 1076 2313; x_wconf 76' lang='lat' dir='ltr'><strong>tl</strong></span> <span class='ocrx_word' id='word_1_175' title='bbox 1095 2250 1151 2313; x_wconf 87' lang='grc' dir='ltr'><strong>καί</strong></span> <span class='ocrx_word' id='word_1_176' title='bbox 1169 2242 1186 2310; x_wconf 87' lang='grc' dir='ltr'><strong><em>ό</em></strong></span> <span class='ocrx_word' id='word_1_177' title='bbox 1205 2252 1299 2331; x_wconf 80' lang='grc' dir='ltr'><strong><em>βασι-</em></strong></span> 
     </span>
     <span class='ocr_line' id='line_1_20' title="bbox 211 2340 1298 2436; baseline -0.004 -21"><span class='ocrx_word' id='word_1_178' title='bbox 211 2348 284 2425; x_wconf 87' lang='grc' dir='ltr'><strong><em>λεός</em></strong></span> <span class='ocrx_word' id='word_1_179' title='bbox 303 2350 344 2436; x_wconf 77' lang='grc' dir='ltr'><strong><em>τῇ</em></strong></span> <span class='ocrx_word' id='word_1_180' title='bbox 364 2350 449 2435; x_wconf 65' lang='grc' dir='ltr'><strong><em>αὐτῇ</em></strong></span> <span class='ocrx_word' id='word_1_181' title='bbox 467 2348 608 2436; x_wconf 71' lang='grc' dir='ltr'><strong><em>ὀδυνηρά</em></strong></span> <span class='ocrx_word' id='word_1_182' title='bbox 627 2340 746 2435; x_wconf 74' lang='grc' dir='ltr'><strong><em>ἓσπάρρι</em></strong></span> <span class='ocrx_word' id='word_1_183' title='bbox 773 2349 830 2430; x_wconf 81' lang='grc' dir='ltr'><strong>τῆς</strong></span> <span class='ocrx_word' id='word_1_184' title='bbox 851 2350 999 2432; x_wconf 75' lang='grc' dir='ltr'><strong><em>δευτέρας</em></strong></span> <span class='ocrx_word' id='word_1_185' title='bbox 1020 2343 1159 2427; x_wconf 84' lang='grc' dir='ltr'><strong><em>συνάξος</em></strong></span> <span class='ocrx_word' id='word_1_186' title='bbox 1177 2346 1298 2424; x_wconf 86' lang='grc' dir='ltr'><strong><em>πάντας</em></strong></span> 
     </span>
     <span class='ocr_line' id='line_1_21' title="bbox 159 2442 1298 2532; baseline -0.003 -17"><span class='ocrx_word' id='word_1_187' title='bbox 159 2448 283 2525; x_wconf 66' lang='lat' dir='ltr'><strong>maroug</strong></span> <span class='ocrx_word' id='word_1_188' title='bbox 306 2452 341 2515; x_wconf 73' lang='grc' dir='ltr'><strong><em>ἐν</em></strong></span> <span class='ocrx_word' id='word_1_189' title='bbox 362 2452 447 2515; x_wconf 80' lang='grc' dir='ltr'><strong><em>τέλει</em></strong></span> <span class='ocrx_word' id='word_1_190' title='bbox 472 2443 630 2531; x_wconf 72' lang='grc' dir='ltr'><strong><em>ἄρχοντας</em></strong></span> <span class='ocrx_word' id='word_1_191' title='bbox 653 2447 710 2511; x_wconf 87' lang='grc' dir='ltr'><strong>καί</strong></span> <span class='ocrx_word' id='word_1_192' title='bbox 733 2447 931 2531; x_wconf 77' lang='grc' dir='ltr'><strong><em>α’ρχσμίνσος</em></strong></span> <span class='ocrx_word' id='word_1_193' title='bbox 949 2448 1133 2532; x_wconf 84' lang='grc' dir='ltr'><strong><em>δημάρχους</em></strong></span> <span class='ocrx_word' id='word_1_194' title='bbox 1154 2445 1209 2513; x_wconf 80' lang='grc' dir='ltr'><strong>καί</strong></span> <span class='ocrx_word' id='word_1_195' title='bbox 1226 2442 1298 2512; x_wconf 68' lang='lat' dir='ltr'><strong>lna-</strong></span> 
     </span>
     <span class='ocr_line' id='line_1_22' title="bbox 209 2543 1297 2633; baseline -0.003 -19"><span class='ocrx_word' id='word_1_196' title='bbox 209 2549 401 2633; x_wconf 87' lang='grc' dir='ltr'><strong><em>τοντάρχσυς</em></strong></span> <span class='ocrx_word' id='word_1_197' title='bbox 428 2551 484 2613; x_wconf 81' lang='grc' dir='ltr'><strong>καί</strong></span> <span class='ocrx_word' id='word_1_198' title='bbox 504 2543 632 2631; x_wconf 74' lang='grc' dir='ltr'><strong><em>ἑτέρους</em></strong></span> <span class='ocrx_word' id='word_1_199' title='bbox 659 2549 846 2629; x_wconf 72' lang='grc' dir='ltr'><strong><em>προκρίτους</em></strong></span> <span class='ocrx_word' id='word_1_200' title='bbox 874 2543 1072 2632; x_wconf 86' lang='grc' dir='ltr'><strong><em>στρατιῶτας</em></strong></span> <span class='ocrx_word' id='word_1_201' title='bbox 1099 2549 1200 2612; x_wconf 80' lang='grc' dir='ltr'><strong><em>ταῦτα</em></strong></span> <span class='ocrx_word' id='word_1_202' title='bbox 1223 2544 1297 2633; x_wconf 80' lang='grc' dir='ltr'><strong>ἔφη.</strong></span> 
     </span>
    </p>
   </div>
   <div class='ocr_carea' id='block_1_5' title="bbox 207 2636 1298 2834">
    <p class='ocr_par' dir='ltr' id='par_1_5' title="bbox 207 2636 1298 2834">
     <span class='ocr_line' id='line_1_23' title="bbox 210 2636 1297 2737; baseline -0.005 -22"><span class='ocrx_word' id='word_1_203' title='bbox 210 2651 261 2737; x_wconf 85' lang='grc'><strong>(6)</strong></span> <span class='ocrx_word' id='word_1_204' title='bbox 279 2645 393 2731; x_wconf 64' lang='grc' dir='ltr'><strong>ι’όμεϊς</strong></span> <span class='ocrx_word' id='word_1_205' title='bbox 405 2651 474 2730; x_wconf 78' lang='grc' dir='ltr'><strong><em>μέν,</em></strong></span> <span class='ocrx_word' id='word_1_206' title='bbox 494 2647 710 2730; x_wconf 81' lang='grc' dir='ltr'><strong><em>εόγενίστατοι</em></strong></span> <span class='ocrx_word' id='word_1_207' title='bbox 725 2636 878 2728; x_wconf 80' lang='grc' dir='ltr'><strong><em>άρχσντες</em></strong></span> <span class='ocrx_word' id='word_1_208' title='bbox 897 2647 953 2711; x_wconf 81' lang='grc' dir='ltr'><strong>καί</strong></span> <span class='ocrx_word' id='word_1_209' title='bbox 968 2646 1220 2729; x_wconf 78' lang='grc' dir='ltr'><strong><em>ε’κλαμπρότατσι</em></strong></span> <span class='ocrx_word' id='word_1_210' title='bbox 1240 2643 1297 2728; x_wconf 75' lang='grc' dir='ltr'><strong>δη-</strong></span> 
     </span>
     <span class='ocr_line' id='line_1_24' title="bbox 207 2746 1298 2834; baseline -0.004 -20"><span class='ocrx_word' id='word_1_211' title='bbox 207 2771 328 2834; x_wconf 87' lang='grc' dir='ltr'><strong><em>μαρχοι</em></strong></span> <span class='ocrx_word' id='word_1_212' title='bbox 350 2750 406 2814; x_wconf 82' lang='grc' dir='ltr'><strong>καί</strong></span> <span class='ocrx_word' id='word_1_213' title='bbox 424 2748 593 2832; x_wconf 85' lang='grc' dir='ltr'><strong><em>στρατηγοί</em></strong></span> <span class='ocrx_word' id='word_1_214' title='bbox 612 2748 668 2811; x_wconf 88' lang='grc' dir='ltr'><strong>καί</strong></span> <span class='ocrx_word' id='word_1_215' title='bbox 679 2746 891 2829; x_wconf 81' lang='grc' dir='ltr'><strong><em>γενναιότατοι</em></strong></span> <span class='ocrx_word' id='word_1_216' title='bbox 911 2748 1143 2832; x_wconf 85' lang='grc' dir='ltr'><strong><em>συστρατιῶται</em></strong></span> <span class='ocrx_word' id='word_1_217' title='bbox 1162 2748 1218 2810; x_wconf 88' lang='grc' dir='ltr'><strong>καί</strong></span> <span class='ocrx_word' id='word_1_218' title='bbox 1234 2749 1298 2820; x_wconf 80' lang='grc' dir='ltr'><strong><em>πῶς</em></strong></span> 
     </span>
    </p>
   </div>
   <div class='ocr_carea' id='block_1_6' title="bbox 278 2920 1297 3058">
    <p class='ocr_par' dir='ltr' id='par_1_6' title="bbox 278 2920 1297 3058">
     <span class='ocr_line' id='line_1_25' title="bbox 281 2920 1297 3050; baseline -0.002 -73"><span class='ocrx_word' id='word_1_219' title='bbox 281 2942 306 2977; x_wconf 82' lang='grc' dir='ltr'><strong><em>ο,</em></strong></span> <span class='ocrx_word' id='word_1_220' title='bbox 320 2926 391 3050; x_wconf 40' lang='lat' dir='ltr'><strong>pez}</strong></span> <span class='ocrx_word' id='word_1_221' title='bbox 410 2922 473 2978; x_wconf 90' lang='lat' dir='ltr'><strong>hinc</strong></span> <span class='ocrx_word' id='word_1_222' title='bbox 494 2937 559 2997; x_wconf 77' lang='grc' dir='ltr'><strong><em>κεη.</em></strong></span> <span class='ocrx_word' id='word_1_223' title='bbox 579 2922 600 2991; x_wconf 90' lang='grc' dir='ltr'><strong>η’</strong></span> <span class='ocrx_word' id='word_1_224' title='bbox 619 2924 638 2976; x_wconf 85' lang='grc' dir='ltr'>Ρ</span> <span class='ocrx_word' id='word_1_225' title='bbox 741 2936 784 2973; x_wconf 83' lang='lat' dir='ltr'><strong>so.</strong></span> <span class='ocrx_word' id='word_1_226' title='bbox 804 2922 835 2978; x_wconf 75' lang='grc' dir='ltr'><strong><em>ἐν</em></strong></span> <span class='ocrx_word' id='word_1_227' title='bbox 852 2920 884 2996; x_wconf 69' lang='lat' dir='ltr'><strong>spi</strong></span> <span class='ocrx_word' id='word_1_228' title='bbox 899 2921 979 2978; x_wconf 81' lang='grc' dir='ltr'><strong><em>πόλει</em></strong></span> <span class='ocrx_word' id='word_1_229' title='bbox 998 2920 1018 2976; x_wconf 78' lang='grc' dir='ltr'>Ρ</span> <span class='ocrx_word' id='word_1_230' title='bbox 1120 2938 1163 2978; x_wconf 59' lang='grc' dir='ltr'><strong>τι.</strong></span> <span class='ocrx_word' id='word_1_231' title='bbox 1181 2939 1297 2996; x_wconf 77' lang='grc' dir='ltr'><strong><em>πρακτι·</em></strong></span> 
     </span>
     <span class='ocr_line' id='line_1_26' title="bbox 278 3016 347 3058; baseline -0.043 -5"><span class='ocrx_word' id='word_1_232' title='bbox 278 3016 347 3058; x_wconf 89' lang='grc' dir='ltr'><strong><em>κους</em></strong></span> 
     </span>
    </p>
   </div>
   <div class='ocr_carea' id='block_1_7' title="bbox 207 3148 1298 4361">
    <p class='ocr_par' dir='ltr' id='par_1_7' title="bbox 207 3148 1298 4361">
     <span class='ocr_line' id='line_1_27' title="bbox 280 3148 1296 3231; baseline -0.009 -21"><span class='ocrx_word' id='word_1_233' title='bbox 280 3160 372 3231; x_wconf 85' lang='lat' dir='ltr'><strong>Quum</strong></span> <span class='ocrx_word' id='word_1_234' title='bbox 389 3174 439 3210; x_wconf 87' lang='lat' dir='ltr'><strong>nos</strong></span> <span class='ocrx_word' id='word_1_235' title='bbox 457 3158 486 3210; x_wconf 87' lang='lat' dir='ltr'><strong>in</strong></span> <span class='ocrx_word' id='word_1_236' title='bbox 501 3154 569 3209; x_wconf 86' lang='lat' dir='ltr'><strong>urbe</strong></span> <span class='ocrx_word' id='word_1_237' title='bbox 587 3161 678 3208; x_wconf 84' lang='lat' dir='ltr'><strong>tentor</strong></span> <span class='ocrx_word' id='word_1_238' title='bbox 699 3153 838 3215; x_wconf 87' lang='lat' dir='ltr'><strong>clamores,</strong></span> <span class='ocrx_word' id='word_1_239' title='bbox 855 3161 984 3222; x_wconf 84' lang='lat' dir='ltr'><strong>tanquam</strong></span> <span class='ocrx_word' id='word_1_240' title='bbox 1000 3169 1125 3222; x_wconf 67' lang='lat' dir='ltr'><strong>magnum</strong></span> <span class='ocrx_word' id='word_1_241' title='bbox 1143 3153 1222 3205; x_wconf 84' lang='lat' dir='ltr'><strong>maris</strong></span> <span class='ocrx_word' id='word_1_242' title='bbox 1240 3148 1296 3208; x_wconf 82' lang='lat' dir='ltr'><strong>ire&#39;.</strong></span> 
     </span>
     <span class='ocr_line' id='line_1_28' title="bbox 209 3224 1296 3298; baseline -0.007 -13"><span class='ocrx_word' id='word_1_243' title='bbox 209 3231 323 3293; x_wconf 82' lang='lat' dir='ltr'><strong>ruituris,</strong></span> <span class='ocrx_word' id='word_1_244' title='bbox 343 3230 507 3292; x_wconf 73' lang='lat' dir='ltr'><strong>erudiremus,</strong></span> <span class='ocrx_word' id='word_1_245' title='bbox 525 3224 593 3298; x_wconf 85' lang='lat' dir='ltr'><strong>quid</strong></span> <span class='ocrx_word' id='word_1_246' title='bbox 610 3224 680 3277; x_wconf 86' lang='lat' dir='ltr'><strong>iliud</strong></span> <span class='ocrx_word' id='word_1_247' title='bbox 697 3235 784 3288; x_wconf 88' lang='lat' dir='ltr'><strong>esset,</strong></span> <span class='ocrx_word' id='word_1_248' title='bbox 813 3224 1006 3293; x_wconf 66' lang='lat' dir='ltr'><strong>cogitabamus.</strong></span> <span class='ocrx_word' id='word_1_249' title='bbox 1026 3224 1075 3276; x_wconf 87' lang='lat' dir='ltr'><strong>sed</strong></span> <span class='ocrx_word' id='word_1_250' title='bbox 1090 3241 1153 3276; x_wconf 81' lang='lat' dir='ltr'><strong>mor</strong></span> <span class='ocrx_word' id='word_1_251' title='bbox 1171 3233 1244 3277; x_wconf 86' lang='lat' dir='ltr'><strong>certo</strong></span> <span class='ocrx_word' id='word_1_252' title='bbox 1263 3242 1296 3278; x_wconf 88' lang='lat' dir='ltr'><strong>ac</strong></span> 
     </span>
     <span class='ocr_line' id='line_1_29' title="bbox 208 3295 1295 3369; baseline -0.006 -15"><span class='ocrx_word' id='word_1_253' title='bbox 208 3319 273 3354; x_wconf 77' lang='lat' dir='ltr'><strong>rere</strong></span> <span class='ocrx_word' id='word_1_254' title='bbox 298 3302 483 3369; x_wconf 76' lang='lat' dir='ltr'><strong>cognovimus,</strong></span> <span class='ocrx_word' id='word_1_255' title='bbox 501 3299 529 3350; x_wconf 88' lang='lat' dir='ltr'><strong>in</strong></span> <span class='ocrx_word' id='word_1_256' title='bbox 548 3299 691 3350; x_wconf 82' lang='lat' dir='ltr'><strong>crastinum</strong></span> <span class='ocrx_word' id='word_1_257' title='bbox 719 3297 790 3348; x_wconf 89' lang='lat' dir='ltr'><strong>diem</strong></span> <span class='ocrx_word' id='word_1_258' title='bbox 809 3312 925 3347; x_wconf 78' lang='lat' dir='ltr'><strong>amoram</strong></span> <span class='ocrx_word' id='word_1_259' title='bbox 943 3303 1069 3347; x_wconf 86' lang='lat' dir='ltr'><strong>terreatre</strong></span> <span class='ocrx_word' id='word_1_260' title='bbox 1087 3304 1115 3347; x_wconf 88' lang='lat' dir='ltr'><strong>et</strong></span> <span class='ocrx_word' id='word_1_261' title='bbox 1134 3295 1295 3349; x_wconf 82' lang='lat' dir='ltr'><strong>maritimum</strong></span> 
     </span>
     <span class='ocr_line' id='line_1_30' title="bbox 208 3366 1295 3442; baseline -0.006 -17"><span class='ocrx_word' id='word_1_262' title='bbox 208 3373 322 3436; x_wconf 87' lang='lat' dir='ltr'><strong>bellum,</strong></span> <span class='ocrx_word' id='word_1_263' title='bbox 340 3378 469 3442; x_wconf 85' lang='lat' dir='ltr'><strong>quantum</strong></span> <span class='ocrx_word' id='word_1_264' title='bbox 486 3377 587 3441; x_wconf 82' lang='lat' dir='ltr'><strong>posset,</strong></span> <span class='ocrx_word' id='word_1_265' title='bbox 604 3368 665 3420; x_wconf 90' lang='lat' dir='ltr'><strong>urbi</strong></span> <span class='ocrx_word' id='word_1_266' title='bbox 677 3384 780 3437; x_wconf 81' lang='lat' dir='ltr'><strong>parare.</strong></span> <span class='ocrx_word' id='word_1_267' title='bbox 793 3367 930 3418; x_wconf 84' lang='lat' dir='ltr'><strong>intuentes</strong></span> <span class='ocrx_word' id='word_1_268' title='bbox 944 3374 1044 3418; x_wconf 85' lang='lat' dir='ltr'><strong>tantam</strong></span> <span class='ocrx_word' id='word_1_269' title='bbox 1063 3366 1206 3435; x_wconf 83' lang='lat' dir='ltr'><strong>impiorum</strong></span> <span class='ocrx_word' id='word_1_270' title='bbox 1224 3368 1295 3420; x_wconf 88' lang='lat' dir='ltr'><strong>mul·</strong></span> 
     </span>
     <span class='ocr_line' id='line_1_31' title="bbox 207 3437 1294 3513; baseline -0.006 -17"><span class='ocrx_word' id='word_1_271' title='bbox 207 3445 355 3496; x_wconf 81' lang='lat' dir='ltr'><strong>titudinem</strong></span> <span class='ocrx_word' id='word_1_272' title='bbox 374 3441 484 3513; x_wconf 79' lang='lat' dir='ltr'><strong>(dicam,</strong></span> <span class='ocrx_word' id='word_1_273' title='bbox 502 3439 578 3510; x_wconf 89' lang='lat' dir='ltr'><strong>quod</strong></span> <span class='ocrx_word' id='word_1_274' title='bbox 596 3437 662 3490; x_wconf 89' lang='lat' dir='ltr'><strong>mibi</strong></span> <span class='ocrx_word' id='word_1_275' title='bbox 680 3438 816 3510; x_wconf 81' lang='lat' dir='ltr'><strong>ridetur),</strong></span> <span class='ocrx_word' id='word_1_276' title='bbox 834 3446 865 3489; x_wconf 89' lang='lat' dir='ltr'><strong>ut</strong></span> <span class='ocrx_word' id='word_1_277' title='bbox 884 3437 942 3488; x_wconf 88' lang='lat' dir='ltr'><strong>siue</strong></span> <span class='ocrx_word' id='word_1_278' title='bbox 961 3437 1045 3489; x_wconf 87' lang='lat' dir='ltr'><strong>dubio</strong></span> <span class='ocrx_word' id='word_1_279' title='bbox 1064 3445 1155 3489; x_wconf 85' lang='lat' dir='ltr'><strong>contra</strong></span> <span class='ocrx_word' id='word_1_280' title='bbox 1173 3437 1294 3506; x_wconf 74' lang='lat' dir='ltr'><strong>singulos</strong></span> 
     </span>
     <span class='ocr_line' id='line_1_32' title="bbox 208 3507 1294 3583; baseline -0.006 -16"><span class='ocrx_word' id='word_1_281' title='bbox 208 3523 331 3567; x_wconf 85' lang='lat' dir='ltr'><strong>nostrum</strong></span> <span class='ocrx_word' id='word_1_282' title='bbox 352 3515 444 3583; x_wconf 85' lang='lat' dir='ltr'><strong>pluras</strong></span> <span class='ocrx_word' id='word_1_283' title='bbox 460 3511 616 3582; x_wconf 69' lang='lat' dir='ltr'><strong>quingentis</strong></span> <span class='ocrx_word' id='word_1_284' title='bbox 641 3518 811 3579; x_wconf 77' lang='lat' dir='ltr'><strong>pugnarent,</strong></span> <span class='ocrx_word' id='word_1_285' title='bbox 835 3508 863 3559; x_wconf 92' lang='lat' dir='ltr'><strong>in</strong></span> <span class='ocrx_word' id='word_1_286' title='bbox 889 3524 1004 3578; x_wconf 84' lang='lat' dir='ltr'><strong>superna</strong></span> <span class='ocrx_word' id='word_1_287' title='bbox 1032 3507 1201 3578; x_wconf 83' lang='lat' dir='ltr'><strong>providentia</strong></span> <span class='ocrx_word' id='word_1_288' title='bbox 1218 3525 1294 3579; x_wconf 87' lang='lat' dir='ltr'><strong>spem</strong></span> 
     </span>
     <span class='ocr_line' id='line_1_33' title="bbox 209 3580 1295 3652; baseline -0.006 -15"><span class='ocrx_word' id='word_1_289' title='bbox 209 3602 317 3638; x_wconf 85' lang='lat' dir='ltr'><strong>ornnem</strong></span> <span class='ocrx_word' id='word_1_290' title='bbox 335 3581 541 3636; x_wconf 87' lang='lat' dir='ltr'><strong>collocabamus.</strong></span> <span class='ocrx_word' id='word_1_291' title='bbox 557 3581 696 3652; x_wconf 85' lang='lat' dir='ltr'><strong>praecepit</strong></span> <span class='ocrx_word' id='word_1_292' title='bbox 713 3581 868 3649; x_wconf 86' lang='lat' dir='ltr'><strong>imperator,</strong></span> <span class='ocrx_word' id='word_1_293' title='bbox 886 3587 918 3630; x_wconf 86' lang='lat' dir='ltr'><strong>ut</strong></span> <span class='ocrx_word' id='word_1_294' title='bbox 936 3596 995 3630; x_wconf 88' lang='lat' dir='ltr'><strong>cum</strong></span> <span class='ocrx_word' id='word_1_295' title='bbox 1017 3580 1097 3631; x_wconf 84' lang='lat' dir='ltr'><strong>sacris</strong></span> <span class='ocrx_word' id='word_1_296' title='bbox 1117 3587 1144 3631; x_wconf 89' lang='lat' dir='ltr'><strong>et</strong></span> <span class='ocrx_word' id='word_1_297' title='bbox 1161 3595 1295 3632; x_wconf 88' lang='lat' dir='ltr'><strong>veneran-</strong></span> 
     </span>
     <span class='ocr_line' id='line_1_34' title="bbox 210 3649 1296 3723; baseline -0.006 -15"><span class='ocrx_word' id='word_1_298' title='bbox 210 3657 253 3709; x_wconf 86' lang='lat' dir='ltr'><strong>dis</strong></span> <span class='ocrx_word' id='word_1_299' title='bbox 269 3655 429 3723; x_wconf 77' lang='lat' dir='ltr'><strong>imaginibus</strong></span> <span class='ocrx_word' id='word_1_300' title='bbox 447 3662 476 3706; x_wconf 84' lang='lat' dir='ltr'><strong>et</strong></span> <span class='ocrx_word' id='word_1_301' title='bbox 491 3652 640 3706; x_wconf 79' lang='lat' dir='ltr'><strong>simulacris</strong></span> <span class='ocrx_word' id='word_1_302' title='bbox 664 3649 829 3711; x_wconf 81' lang='lat' dir='ltr'><strong>mcerdotee,</strong></span> <span class='ocrx_word' id='word_1_303' title='bbox 855 3651 974 3720; x_wconf 77' lang='lat' dir='ltr'><strong>episcopi</strong></span> <span class='ocrx_word' id='word_1_304' title='bbox 995 3658 1023 3701; x_wconf 86' lang='lat' dir='ltr'><strong>et</strong></span> <span class='ocrx_word' id='word_1_305' title='bbox 1038 3649 1180 3712; x_wconf 87' lang='lat' dir='ltr'><strong>monachi,</strong></span> <span class='ocrx_word' id='word_1_306' title='bbox 1197 3651 1296 3702; x_wconf 87' lang='lat' dir='ltr'><strong>mulie·</strong></span> 
     </span>
     <span class='ocr_line' id='line_1_35' title="bbox 210 3719 1295 3795; baseline -0.007 -16"><span class='ocrx_word' id='word_1_307' title='bbox 210 3743 252 3779; x_wconf 89' lang='lat' dir='ltr'><strong>res</strong></span> <span class='ocrx_word' id='word_1_308' title='bbox 272 3735 301 3780; x_wconf 86' lang='lat' dir='ltr'><strong>et</strong></span> <span class='ocrx_word' id='word_1_309' title='bbox 318 3728 405 3795; x_wconf 88' lang='lat' dir='ltr'><strong>pueri,</strong></span> <span class='ocrx_word' id='word_1_310' title='bbox 426 3742 486 3777; x_wconf 90' lang='lat' dir='ltr'><strong>cum</strong></span> <span class='ocrx_word' id='word_1_311' title='bbox 504 3722 619 3776; x_wconf 88' lang='lat' dir='ltr'><strong>lacrimis</strong></span> <span class='ocrx_word' id='word_1_312' title='bbox 638 3721 709 3773; x_wconf 86' lang='lat' dir='ltr'><strong>lutra</strong></span> <span class='ocrx_word' id='word_1_313' title='bbox 726 3721 834 3773; x_wconf 81' lang='lat' dir='ltr'><strong>moenia</strong></span> <span class='ocrx_word' id='word_1_314' title='bbox 851 3720 924 3773; x_wconf 84' lang='lat' dir='ltr'><strong>urbia</strong></span> <span class='ocrx_word' id='word_1_315' title='bbox 942 3721 1091 3784; x_wconf 86' lang='lat' dir='ltr'><strong>obeuntes,</strong></span> <span class='ocrx_word' id='word_1_316' title='bbox 1117 3719 1200 3788; x_wconf 80' lang='lat' dir='ltr'><strong>Kyrie</strong></span> <span class='ocrx_word' id='word_1_317' title='bbox 1220 3721 1295 3773; x_wconf 85' lang='lat' dir='ltr'><strong>elee-</strong></span> 
     </span>
     <span class='ocr_line' id='line_1_36' title="bbox 208 3791 1295 3862; baseline -0.005 -12"><span class='ocrx_word' id='word_1_318' title='bbox 208 3814 260 3850; x_wconf 89' lang='lat' dir='ltr'><strong>son</strong></span> <span class='ocrx_word' id='word_1_319' title='bbox 288 3796 458 3849; x_wconf 76' lang='lat' dir='ltr'><strong>clamitarent</strong></span> <span class='ocrx_word' id='word_1_320' title='bbox 483 3803 512 3848; x_wconf 90' lang='lat' dir='ltr'><strong>et</strong></span> <span class='ocrx_word' id='word_1_321' title='bbox 539 3794 591 3846; x_wconf 87' lang='lat' dir='ltr'><strong>deo</strong></span> <span class='ocrx_word' id='word_1_322' title='bbox 615 3791 817 3862; x_wconf 81' lang='lat' dir='ltr'><strong>supplicarent,</strong></span> <span class='ocrx_word' id='word_1_323' title='bbox 843 3808 878 3843; x_wconf 88' lang='grc' dir='ltr'><strong><em>ιιε</em></strong></span> <span class='ocrx_word' id='word_1_324' title='bbox 902 3801 1012 3861; x_wconf 89' lang='lat' dir='ltr'><strong>propter</strong></span> <span class='ocrx_word' id='word_1_325' title='bbox 1031 3799 1140 3862; x_wconf 87' lang='lat' dir='ltr'><strong>peccate</strong></span> <span class='ocrx_word' id='word_1_326' title='bbox 1157 3798 1249 3845; x_wconf 85' lang='lat' dir='ltr'><strong>nostra</strong></span> <span class='ocrx_word' id='word_1_327' title='bbox 1266 3792 1295 3845; x_wconf 86' lang='lat' dir='ltr'><strong>in</strong></span> 
     </span>
     <span class='ocr_line' id='line_1_37' title="bbox 208 3862 1295 3936; baseline -0.006 -14"><span class='ocrx_word' id='word_1_328' title='bbox 208 3885 304 3921; x_wconf 77' lang='lat' dir='ltr'><strong>manus</strong></span> <span class='ocrx_word' id='word_1_329' title='bbox 323 3868 439 3920; x_wconf 90' lang='lat' dir='ltr'><strong>bostium</strong></span> <span class='ocrx_word' id='word_1_330' title='bbox 458 3867 613 3936; x_wconf 87' lang='lat' dir='ltr'><strong>iniquorum</strong></span> <span class='ocrx_word' id='word_1_331' title='bbox 632 3872 660 3915; x_wconf 87' lang='lat' dir='ltr'><strong>et</strong></span> <span class='ocrx_word' id='word_1_332' title='bbox 677 3863 818 3932; x_wconf 86' lang='lat' dir='ltr'><strong>impiorum</strong></span> <span class='ocrx_word' id='word_1_333' title='bbox 837 3869 874 3924; x_wconf 80' lang='lat' dir='ltr'><strong>et,</strong></span> <span class='ocrx_word' id='word_1_334' title='bbox 892 3879 958 3931; x_wconf 87' lang='lat' dir='ltr'><strong>quos</strong></span> <span class='ocrx_word' id='word_1_335' title='bbox 971 3871 1043 3914; x_wconf 87' lang='lat' dir='ltr'><strong>terra</strong></span> <span class='ocrx_word' id='word_1_336' title='bbox 1058 3864 1188 3926; x_wconf 85' lang='lat' dir='ltr'><strong>sustinet,</strong></span> <span class='ocrx_word' id='word_1_337' title='bbox 1208 3862 1295 3917; x_wconf 82' lang='lat' dir='ltr'><strong>ateie-</strong></span> 
     </span>
     <span class='ocr_line' id='line_1_38' title="bbox 209 3928 1293 4005; baseline -0.004 -15"><span class='ocrx_word' id='word_1_338' title='bbox 209 3939 404 3992; x_wconf 87' lang='lat' dir='ltr'><strong>ratissisnorum</strong></span> <span class='ocrx_word' id='word_1_339' title='bbox 425 3954 475 3989; x_wconf 85' lang='lat' dir='ltr'><strong>nos</strong></span> <span class='ocrx_word' id='word_1_340' title='bbox 492 3935 623 3997; x_wconf 86' lang='lat' dir='ltr'><strong>traderet,</strong></span> <span class='ocrx_word' id='word_1_341' title='bbox 642 3933 690 3987; x_wconf 87' lang='lat' dir='ltr'><strong>sed</strong></span> <span class='ocrx_word' id='word_1_342' title='bbox 708 3933 843 4005; x_wconf 84' lang='lat' dir='ltr'><strong>propitius</strong></span> <span class='ocrx_word' id='word_1_343' title='bbox 864 3940 934 3984; x_wconf 84' lang='lat' dir='ltr'><strong>esset</strong></span> <span class='ocrx_word' id='word_1_344' title='bbox 951 3932 1040 3996; x_wconf 91' lang='lat' dir='ltr'><strong>nobis,</strong></span> <span class='ocrx_word' id='word_1_345' title='bbox 1057 3928 1202 3986; x_wconf 73' lang='lat' dir='ltr'><strong>berelitati</strong></span> <span class='ocrx_word' id='word_1_346' title='bbox 1220 3949 1293 3986; x_wconf 87' lang='lat' dir='ltr'><strong>ruse.</strong></span> 
     </span>
     <span class='ocr_line' id='line_1_39' title="bbox 210 4001 1296 4081; baseline -0.004 -19"><span class='ocrx_word' id='word_1_347' title='bbox 210 4010 323 4081; x_wconf 82' lang='lat' dir='ltr'><strong>insuper</strong></span> <span class='ocrx_word' id='word_1_348' title='bbox 341 4010 554 4061; x_wconf 84' lang='lat' dir='ltr'><strong>collacrimantes</strong></span> <span class='ocrx_word' id='word_1_349' title='bbox 571 4006 685 4059; x_wconf 75' lang='lat' dir='ltr'><strong>invicem</strong></span> <span class='ocrx_word' id='word_1_350' title='bbox 705 4022 733 4057; x_wconf 87' lang='lat' dir='ltr'><strong>se</strong></span> <span class='ocrx_word' id='word_1_351' title='bbox 745 4001 964 4066; x_wconf 74' lang='lat' dir='ltr'><strong>cohortabantur,</strong></span> <span class='ocrx_word' id='word_1_352' title='bbox 983 4011 1013 4054; x_wconf 89' lang='lat' dir='ltr'><strong>ut</strong></span> <span class='ocrx_word' id='word_1_353' title='bbox 1031 4012 1151 4073; x_wconf 83' lang='lat' dir='ltr'><strong>tempore</strong></span> <span class='ocrx_word' id='word_1_354' title='bbox 1170 4006 1296 4058; x_wconf 83' lang='lat' dir='ltr'><strong>commit·</strong></span> 
     </span>
     <span class='ocr_line' id='line_1_40' title="bbox 210 4075 1297 4151; baseline -0.007 -16"><span class='ocrx_word' id='word_1_355' title='bbox 210 4081 286 4135; x_wconf 55' lang='lat' dir='ltr'><strong>&amp;ndi</strong></span> <span class='ocrx_word' id='word_1_356' title='bbox 304 4081 400 4151; x_wconf 87' lang='lat' dir='ltr'><strong>proelii</strong></span> <span class='ocrx_word' id='word_1_357' title='bbox 428 4079 536 4132; x_wconf 81' lang='lat' dir='ltr'><strong>sortiter</strong></span> <span class='ocrx_word' id='word_1_358' title='bbox 558 4077 681 4130; x_wconf 86' lang='lat' dir='ltr'><strong>hostibus</strong></span> <span class='ocrx_word' id='word_1_359' title='bbox 711 4075 873 4127; x_wconf 83' lang='lat' dir='ltr'><strong>resisterent</strong></span> <span class='ocrx_word' id='word_1_360' title='bbox 901 4082 1019 4125; x_wconf 84' lang='lat' dir='ltr'><strong>ceterum</strong></span> <span class='ocrx_word' id='word_1_361' title='bbox 1047 4075 1128 4126; x_wconf 84' lang='lat' dir='ltr'><strong>etiam</strong></span> <span class='ocrx_word' id='word_1_362' title='bbox 1149 4076 1297 4147; x_wconf 85' lang='lat' dir='ltr'><strong>imperator</strong></span> 
     </span>
     <span class='ocr_line' id='line_1_41' title="bbox 210 4144 1298 4231; baseline -0.006 -28"><span class='ocrx_word' id='word_1_363' title='bbox 210 4152 334 4204; x_wconf 86' lang='lat' dir='ltr'><strong>incluoea</strong></span> <span class='ocrx_word' id='word_1_364' title='bbox 353 4152 400 4202; x_wconf 84' lang='lat' dir='ltr'><strong>illu</strong></span> <span class='ocrx_word' id='word_1_365' title='bbox 418 4167 537 4220; x_wconf 79' lang='lat' dir='ltr'><strong>vespera,</strong></span> <span class='ocrx_word' id='word_1_366' title='bbox 556 4150 656 4201; x_wconf 87' lang='lat' dir='ltr'><strong>coactis</strong></span> <span class='ocrx_word' id='word_1_367' title='bbox 667 4146 791 4199; x_wconf 84' lang='lat' dir='ltr'><strong>omuibus</strong></span> <span class='ocrx_word' id='word_1_368' title='bbox 810 4145 982 4231; x_wconf 84' lang='lat' dir='ltr'><strong>primoribus,</strong></span> <span class='ocrx_word' id='word_1_369' title='bbox 999 4144 1166 4215; x_wconf 86' lang='lat' dir='ltr'><strong>principibus</strong></span> <span class='ocrx_word' id='word_1_370' title='bbox 1183 4155 1212 4200; x_wconf 85' lang='lat' dir='ltr'><strong>et</strong></span> <span class='ocrx_word' id='word_1_371' title='bbox 1231 4147 1298 4199; x_wconf 87' lang='lat' dir='ltr'><strong>sub·</strong></span> 
     </span>
     <span class='ocr_line' id='line_1_42' title="bbox 210 4216 1297 4286; baseline -0.003 -13"><span class='ocrx_word' id='word_1_372' title='bbox 210 4222 284 4283; x_wconf 81' lang='lat' dir='ltr'><strong>clitis,</strong></span> <span class='ocrx_word' id='word_1_373' title='bbox 302 4222 429 4283; x_wconf 79' lang='lat' dir='ltr'><strong>tribunis,</strong></span> <span class='ocrx_word' id='word_1_374' title='bbox 446 4219 650 4273; x_wconf 84' lang='lat' dir='ltr'><strong>centurionibus</strong></span> <span class='ocrx_word' id='word_1_375' title='bbox 670 4228 698 4271; x_wconf 87' lang='lat' dir='ltr'><strong>et</strong></span> <span class='ocrx_word' id='word_1_376' title='bbox 720 4217 832 4286; x_wconf 79' lang='lat' dir='ltr'><strong>reliqum</strong></span> <span class='ocrx_word' id='word_1_377' title='bbox 859 4216 1012 4285; x_wconf 85' lang='lat' dir='ltr'><strong>praecipuis</strong></span> <span class='ocrx_word' id='word_1_378' title='bbox 1030 4217 1170 4281; x_wconf 84' lang='lat' dir='ltr'><strong>militibus,</strong></span> <span class='ocrx_word' id='word_1_379' title='bbox 1186 4220 1297 4271; x_wconf 87' lang='lat' dir='ltr'><strong>concio·</strong></span> 
     </span>
     <span class='ocr_line' id='line_1_43' title="bbox 209 4284 1296 4361; baseline -0.004 -17"><span class='ocrx_word' id='word_1_380' title='bbox 209 4310 270 4347; x_wconf 84' lang='lat' dir='ltr'><strong>nens</strong></span> <span class='ocrx_word' id='word_1_381' title='bbox 290 4291 388 4344; x_wconf 82' lang='lat' dir='ltr'><strong>habuit</strong></span> <span class='ocrx_word' id='word_1_382' title='bbox 408 4294 439 4345; x_wconf 88' lang='lat' dir='ltr'><strong>in</strong></span> <span class='ocrx_word' id='word_1_383' title='bbox 470 4291 542 4344; x_wconf 82' lang='lat' dir='ltr'><strong>bunc</strong></span> <span class='ocrx_word' id='word_1_384' title='bbox 570 4290 687 4343; x_wconf 80' lang='lat' dir='ltr'><strong>modum.</strong></span> <span class='ocrx_word' id='word_1_385' title='bbox 734 4290 775 4361; x_wconf 82' lang='grc'><strong>(6)</strong></span> <span class='ocrx_word' id='word_1_386' title='bbox 791 4284 944 4359; x_wconf 79' lang='lat' dir='ltr'><strong>“principes</strong></span> <span class='ocrx_word' id='word_1_387' title='bbox 960 4287 1132 4353; x_wconf 82' lang='lat' dir='ltr'><strong>nobilissimi,</strong></span> <span class='ocrx_word' id='word_1_388' title='bbox 1150 4288 1250 4342; x_wconf 86' lang='lat' dir='ltr'><strong>tribuni</strong></span> <span class='ocrx_word' id='word_1_389' title='bbox 1267 4297 1296 4340; x_wconf 90' lang='lat' dir='ltr'><strong>et</strong></span> 
     </span>
    </p>
   </div>
   <div class='ocr_carea' id='block_1_8' title="bbox 0 0 1706 5222">
    <p class='ocr_par' dir='ltr' id='par_1_8' title="bbox 0 0 1706 5222">
     <span class='ocr_line' id='line_1_44' title="bbox 0 0 1706 5222; baseline 0 1"><span class='ocrx_word' id='word_1_390' title='bbox 0 0 1706 5222; x_wconf 95' lang='lat' dir='ltr'><strong> </strong></span> 
     </span>
    </p>
   </div>
  </div>
 </body>
</html>
