3392 5238
479 502 553 565 Lus.
574 505 613 564 li.
643 504 732 566 CAP.
753 508 835 567 i'iii.

133 635 192 707 οὐν
223 642 284 726 ἐγώ
310 645 496 712 σονοόδτυσα
523 651 611 739 αὐτῷ
638 649 714 732 μετδ
743 658 957 739 στρατιωτῶν.
1000 656 1055 722 κατ’
1074 662 1147 742 περὶ
1165 659 1224 743 την

132 738 211 806 όδόν
230 741 376 828 εὑρεθεὶς
403 744 522 811 Ῥαούλ
547 746 563 813 ό
594 749 730 832 Θωμᾶς,
760 756 815 818 κατ’
839 757 972 832 νομίσας
994 750 1123 823 εὔκολον
1143 754 1226 824 εἶναι

1 879 2 960 η
133 839 187 905 ἵνα
208 834 272 929 ὅρη
302 841 401 907 αὐτόν
422 847 474 909 ὐπ’
500 847 592 930 ἐμοῦ,
615 850 671 935 καὶ
695 852 741 926 εἰς
764 853 907 917 κίνδυνον
929 848 1008 937 η’λθσ
1028 861 1089 920 τοῦ
1110 858 1227 942 φυόναι

1 993 2 1020 η
109 938 197 1035 ‚sind
219 944 284 1005 τούν
302 942 452 1029 ὐδελφιόν
472 970 503 1010 τι
522 943 666 1029 μάχιμον
685 949 741 1014 κατ’
761 949 919 1035 λυπηρόν·
964 948 1050 1035 ὅμως
1071 949 1128 1019 οὐν
1147 957 1227 1020 θεοῦ

1 1031 2 1040 “
105 1040 341 1117 δεύδοκούντος
374 1046 492 1108 ἐκεῖνον
520 1050 580 1124 μὲν
613 1052 696 1112 σῶον
723 1048 960 1135 ὐποκατέστησα
995 1052 1119 1134 οἴκαδε,
1140 1050 1226 1137 κύμδ

133 1142 330 1224 ἐπιστρέψας
363 1133 459 1225 stipor
491 1144 548 1209 τόν
568 1144 723 1231 αὐθέντην
743 1171 805 1228 μου
833 1152 866 1214 ἐν
889 1155 934 1236 τῷ
958 1154 1015 1216 τοῦ
1043 1152 1136 1236 οἶμὀυ
1157 1156 1256 1229 ’Λα-Β

135 1243 230 1323 δρὲοο
259 1244 319 1303 τοῦ
349 1243 570 1327 πρωτοτδιητου
600 1248 666 1333 ναηῖ
694 1249 750 1312 κατ’
777 1248 870 1337 τόφφ
905 1248 1112 1317 ὐποσωθέντα
1141 1251 1227 1339 τῇδ’

111 1339 265 1411 ,Ἰουνίου
292 1335 437 1423 ἑσπέρας.
479 1348 518 1430 τῇ
538 1341 560 1406 ε’
582 1348 670 1429 πρωῒ
696 1352 756 1411 τοῦ
775 1348 876 1413 αὐτοῦ
884 1397 893 1430 ,
919 1350 1021 1439 ἡμέρᾳ
1042 1352 1151 1440 πρώτῃ
1175 1357 1230 1437 τῆς

134 1434 328 1521 ἑβδομάδος,
358 1439 537 1518 ἐξελθόντες
554 1444 669 1520 πάντες
690 1442 721 1510 οἱ
748 1451 807 1511 τοῦ
829 1446 968 1531 κόστρου
990 1448 1125 1532 ἔγκριτον
1145 1451 1227 1532 perd

1 1591 3 1606 η
93 1537 252 1613 τοπαντός
269 1542 326 1604 τοῦ
345 1544 450 1624 λαοῦ,
473 1540 528 1607 κατ’
546 1544 692 1622 ἐλθόντες
710 1553 808 1630 μέχρι
828 1548 882 1611 κατ’
901 1553 959 1613 τοῦ
981 1545 1130 1633 ῥηθέντος
1149 1551 1228 1613 ναοῦ

133 1642 192 1702 τοῦ
211 1638 304 1722 dysin
324 1641 491 1725 Ἀνδρέου,
524 1640 580 1706 τόν
600 1642 753 1730 δεσπότην
777 1649 832 1710 κατ’
852 1647 1007 1732 αὐθέντην
1028 1671 1092 1730 μου
1113 1671 1227 1733 προσε-

132 1738 275 1821 κύνησαν
302 1737 358 1802 καὶ
388 1737 447 1814 τὰς
476 1745 559 1816 κλεῖς
587 1745 645 1805 τοῦ
664 1743 802 1828 κάστρου
826 1748 1014 1829 παρέδωκαν
1034 1749 1129 1836 αὐτῷ.
1173 1747 1230 1813 κατ’

133 1829 233 1913 οὐτοτς
253 1836 436 1923 κινήσαντες
465 1840 542 1920 μετὰ
565 1847 713 1927 πλείστης
737 1850 844 1925 χοροῖς
875 1843 1044 1931 α’μφότερα
1067 1846 1105 1911 τοὶ
1126 1850 1226 1932 μέρη,

131 1940 214 2019 λέγω
240 1941 299 2001 τοῦ
327 1939 485 2003 αὐθέντοο
505 1963 569 2021 μον
597 1941 730 2013 καί,τού
753 1948 960 2026 πτολιέθρου,
990 1949 1072 2020 τινὲς
1093 1947 1226 2031 ἔφιπποι

89 2032 191 2099 15κού
206 2060 287 2112 τινες
306 2038 414 2120 πεζοί,
443 2040 573 2114 ἕκαστος
607 2041 685 2103 nard
717 2040 775 2123 την
802 2037 921 2107 ἑαυτοῦ
940 2043 1149 2128 πηλικότητα,
1172 2045 1227 2110 κατ’

129 2133 326 2210 εἰσελθόντες
347 2138 393 2214 εἰς
414 2135 449 2201 τό
473 2133 609 2222 κοὶστρον
627 2142 724 2221 μέχρι
745 2140 798 2204 καί
817 2144 878 2206 ταῖν
899 2140 978 2205 κατὰ
1001 2143 1056 2206 τόν
1075 2141 1149 2207 ναὸν
1168 2147 1225 2208 τοῦ

1 2245 2 2306 t
129 2229 225 2316 ἁγίου
246 2232 408 2300 Νικολάου
439 2237 609 2317 δωματόων
636 2222 840 2322 α’πήλθδμεν,
864 2245 922 2324 τῆς
940 2244 999 2319 μὲν
1024 2239 1103 2305 sideri
1122 2243 1224 2326 πόσης

127 2337 386 2421 καττστρωμένης
405 2330 502 2420 οὐσης
521 2334 648 2403 πάντων
678 2339 822 2419 α’νθὲων,
845 2343 900 2404 κατ’
922 2342 1091 2423 εὐκοσμίας
1112 2344 1146 2406 ἐκ
1170 2345 1222 2406 δε-

128 2437 206 2510 ξταῖν
223 2457 259 2498 τε
285 2432 341 2499 κατ’
371 2437 404 2514 ἐξ
425 2436 618 2519 εὐωνύμων,
652 2440 687 2503 ἐκ
708 2435 816 2518 δόμων
846 2438 1002 2504 πάντοθεν
1025 2440 1222 2528 ῥαινομένοον

83 2527 402 2616 τοροδοσταμμότων
426 2539 483 2598 κατ’
510 2533 616 2620 ῥόδων
649 2539 704 2600 καί
730 2536 1038 2623 τριακονταφύλλων.
1099 2538 1161 2604 α’πό
1192 2543 1222 2605 δ’

127 2623 254 2696 ἄνωθεν
278 2637 338 2697 τοῦ
357 2633 515 2719 φρουρίου
537 2627 607 2719 ἦτοι
628 2640 685 2701 τοῦ
706 2632 830 2722 πόρνου
849 2636 902 2702 διό
919 2641 1042 2703 σκευῶν
1054 2640 1111 2704 κατ’
1128 2641 1222 2724 τζαγ-

201 2825 226 2877 3.
247 2825 372 2897 spurinae?
464 2844 504 2879 ra.
523 2831 572 2881 uni
588 2818 640 2887 τός
659 2858 691 2869 -
711 2825 787 2899 αὐτῷ
807 2847 850 2881 om
869 2830 888 2883 P
999 2831 1037 2897 τό.
1055 2834 1222 2903 πτολιέθρου

199 2893 261 2961 ἤτοι
276 2897 400 2966 strapas
417 2898 490 2958 τινὲς
504 2898 533 2950 Μ
632 2899 670 2949 τ5.
687 2898 864 2966 ποικιλότητα
882 2903 902 2953 Ρ
994 2907 1032 2956 16.
1053 2907 1083 2957 ἐν
1100 2904 1137 2974 τῷ
1154 2921 1221 2957 πτο-

199 2968 303 3038 λεέθρφ
321 2967 381 3034 ἦτοι
405 2968 518 3039 κάστρφ
537 2969 558 3021 Ρ
661 2972 698 3022 18.
717 2969 893 3044 εὐκοσμὴοας
911 2970 940 3022 Μ
1033 2992 1070 3043 ¹9·
1089 2973 1186 3047 δήμων
1202 2975 1222 3028 P

200 3036 387 3111 ῥοδοστύμων
404 3040 423 3092 Ρ
513 3055 556 3091 ao.
577 3043 625 3093 ssd
645 3040 794 3111 τριάκοντα
816 3043 931 3113 φύλλων
948 3044 1024 3096 omP
1076 3096 1079 3105 ,

127 3226 173 3279 abi
191 3226 222 3277 in
240 3223 334 3277 urbem
357 3233 397 3287 st,
415 3226 489 3297 quod
502 3235 594 3295 potes,
614 3224 714 3279 effice?
735 3226 775 3280 his
794 3227 906 3290 auditis,
925 3228 1029 3297 petivit,
1047 3235 1078 3279 ut
1097 3236 1156 3281 tute
1176 3247 1222 3281 ur-

125 3297 191 3350 bem
219 3298 340 3349 intraret.
368 3298 462 3367 itaque
486 3299 574 3349 iussus
600 3314 649 3366 ego
673 3316 728 3350 una
746 3300 851 3369 perrexi
869 3315 929 3350 cum
945 3316 1027 3349 manu
1044 3299 1169 3352 rnilitum,
1190 3302 1222 3353 in

126 3370 228 3421 itinere
246 3369 275 3419 in
296 3366 429 3420 Thornam
451 3368 564 3421 Raidum
584 3368 745 3421 incidimusz
764 3372 812 3440 qui
830 3386 913 3440 quum
932 3369 1014 3420 facile
1031 3386 1060 3420 se
1077 3387 1157 3439 posse
1176 3372 1222 3423 Io·

126 3439 285 3493 hannieinm
304 3455 319 3489 a
337 3455 380 3489 me
396 3438 547 3491 distrahere
565 3439 752 3504 arbitraretur,
770 3440 921 3510 perieulum
940 3448 1008 3502 erat,
1025 3456 1058 3491 ne
1077 3442 1149 3493 inter
1166 3441 1221 3491 ira-

91 3544 98 3549 ·
125 3519 182 3564 tres
203 3526 312 3580 pugnae
331 3517 359 3562 et
379 3511 450 3560 maia
470 3510 658 3562 excitarentur.
677 3510 726 3564 sed
744 3513 852 3564 favente
870 3510 936 3573 deo,
953 3511 1032 3561 iilum
1048 3511 1151 3562 salvum
1170 3511 1222 3563 do-

125 3598 202 3633 nrum
224 3581 345 3641 restitui,
367 3590 450 3649 atque
467 3582 526 3649 ipse
546 3597 679 3645 reversus,
697 3582 726 3633 in
746 3582 848 3651 templo
868 3590 896 3633 et
916 3582 1040 3650 sepulcro
1059 3584 1143 3633 sancti
1162 3582 1222 3633 An-

127 3652 227 3715 dreae,
266 3652 293 3701 ui
312 3652 412 3720 primus
429 3649 464 3701 ad
484 3653 665 3719 apostolatum
682 3661 792 3704 vocatus
816 3660 874 3713 est,
893 3650 1099 3703 Constantinum
1120 3653 1222 3715 inveni,

126 3730 226 3794 quarto
245 3669 290 3772 die
311 3723 397 3783 Iunii,
417 3721 452 3773 ad
478 3739 626 3789 vesperam.
651 3721 696 3773 dis
715 3724 825 3793 quinto,
852 3723 976 3792 quierat
997 3723 1098 3791 primus
1117 3721 1225 3788 hebdo-

125 3792 228 3854 madis,
249 3808 327 3842 mnne
346 3808 439 3843 ornnes
459 3792 554 3863 oppidi
573 3794 702 3861 primores
730 3803 758 3845 et
779 3792 857 3864 plebs
876 3794 999 3844 universa
1018 3791 1053 3843 ad
1075 3794 1223 3863 tempium,

125 3863 160 3916 de
205 3881 240 3914 uo
260 3862 361 3912 dictum
384 3871 441 3924 est,
464 3865 613 3929 progressi,
637 3862 796 3933 despotam,
821 3862 961 3913 dominum
985 3879 1088 3927 meum,
1111 3882 1225 3917 venera-

124 3881 213 3987 tinniit
232 3934 386 3984 salutarunt
401 3932 624 4002 tradideruntque
654 3935 680 3984 ei
698 3932 793 4003 oppidi
811 3933 908 3984 claves.
930 3936 965 3984 ita
988 3933 1090 3985 laetitia
1110 3938 1224 3987 murima

124 4023 189 4075 pars
203 4013 328 4073 utraque,
338 4012 367 4054 et
380 4003 483 4055 domini
493 4006 554 4066 mei,
566 4013 594 4056 et
605 4002 717 4073 oppidi,
729 4004 774 4055 aiii
797 4012 946 4073 equestres,
968 4005 1015 4054 alii
1036 4005 1152 4073 pedites,
1175 4025 1225 4077 pro

124 4095 172 4128 sua
195 4076 311 4146 quisque
330 4074 502 4137 conditione,
521 4074 693 4137 incedebant,
716 4083 799 4143 atque
817 4081 931 4127 castrum
952 4074 1065 4141 ingressi
1087 4094 1172 4147 usque
1192 4077 1226 4128 ad

123 4147 264 4199 aediculas
286 4145 360 4197 iuxta
373 4146 503 4215 templum
521 4148 606 4197 saneti
619 4145 724 4197 Nicolai
744 4147 808 4196 situs
820 4146 1008 4213 processimus,
1021 4155 1078 4198 tota
1096 4150 1141 4200 via
1161 4165 1227 4200 cun-

123 4227 207 4269 strata
247 4217 333 4268 omnis
362 4217 476 4283 generis
512 4215 624 4268 floribus
654 4225 682 4269 et
708 4215 744 4267 ad
776 4214 897 4267 dextram
929 4217 1087 4287 iussamque
1117 4225 1226 4279 ornata,

143 4306 208 4340 uum
232 4286 392 4338 edomibus
416 4287 528 4355 insuper
555 4285 674 4356 undique
704 4303 775 4358 aqua
806 4301 914 4338 rosacea
938 4296 966 4339 et
995 4304 1070 4339 rosae
1089 4297 1118 4341 et
1135 4288 1227 4340 odori-

122 4308 182 4411 iera
216 4357 283 4410 solia
307 4365 501 4427 spargerentur.
531 4355 564 4409 ds
598 4374 700 4410 summo
730 4365 820 4411 autem
851 4357 964 4411 castello
994 4360 1050 4412 sive
1072 4376 1133 4411 arce
1165 4357 1227 4411 telis
