3402 5222
577 408 652 468 ιιι.
672 408 712 465 11.
742 405 832 469 car.
861 409 943 468 ιιι.
1236 380 1315 491 189

219 560 332 640 αὑτοῦ,
355 562 410 621 καί
429 554 505 630 δυάς
526 552 583 637 την
600 563 710 635 χεῖρα,
741 553 901 637 η’σπάπατο
923 552 1024 637 αάτην
1044 549 1061 617 ὁ
1082 553 1241 635 βασιλεύς,
1261 560 1318 621 καί

220 650 378 724 ἐκάθισεν.
392 654 491 721 αὐτὸν
513 659 545 731 ἐξ
567 656 745 737 ἀριστερῶν
766 653 875 716 αὑτοῦ.
900 651 929 717 οἱ
951 656 987 718 tt
1006 654 1202 737 καράίνάλιοι
1224 655 1313 739 παρά

218 756 295 831 roric
328 756 432 830 πάιλας
462 756 587 832 αὐτῶν,
622 750 809 834 ποιήσαντες
842 751 898 815 τὸν
930 755 965 817 ἐν
986 754 1115 839 Χριστῷ
1136 752 1314 836 ἀσπασμόν.

220 855 277 919 καί
302 852 511 936 ὁμιλήσαντες
541 850 651 934 λόγους
674 849 845 931 μυοτικοάς
869 855 925 935 τῆς
955 850 1081 935 εἰρήνης
1107 850 1316 937 ἀνεχώρησαν

191 957 279 1031 5ἀτί
299 954 465 1036 ἀλλήλων·
508 955 564 1015 κατ’
584 949 601 1013 ά
622 953 682 1030 μὲν
693 947 801 1024 πάσας
826 948 948 1030 ἔμεινεν
970 953 1004 1015 ἐν
1026 954 1071 1036 argi
1090 950 1232 1039 παλατίιρ
1255 953 1316 1014 αὖ·

176 1108 184 1113 .
222 1056 294 1134 τοῦ,
317 1049 341 1114 ’ὁ
373 1054 409 1116 riri
438 1048 589 1133 βασιλεῦς
616 1045 677 1113 ἀπὸ
706 1051 771 1112 τῶν
795 1054 1032 1132 συνερχομένων
1060 1052 1149 1137 ariani
1169 1050 1315 1134 ἐφίππων

223 1148 315 1235 ἤχθη
333 1149 413 1232 μετά
437 1152 617 1231 σαλπίγγων
644 1150 678 1212 ἐν
697 1145 792 1235 ἐτέρρ
815 1150 958 1236 παλατίιρ
981 1144 1213 1236 είτρεπισμένιρ
1231 1147 1315 1213 πάνυ
1325 1158 1358 1226 4ο

224 1257 346 1331 καλῶς,
383 1246 508 1314 κάκεῖσε
536 1247 737 1314 ἀνεπαύσατο
764 1247 929 1327 μετὰτῶν
958 1244 1121 1331 ἀρχόντων
1141 1245 1243 1313 αὑτοῦ
1263 1251 1320 1314 καί

227 1356 290 1416 τῶν
308 1351 475 1433 ὑπηρετῶν
495 1334 681 1429 βασιλικῶς,
700 1351 779 1431 μηνί
799 1348 938 1434 Μαρτίῳ
958 1346 1089 1441 τετάρτῃ
1107 1346 1220 1437 ἧμέρηι.

175 1485 217 1525 ‚0
314 1450 362 1513 16.
406 1444 649 1531 Πλησιάσαντος
676 1450 783 1510 τοίνυν
809 1448 864 1510 τοῦ
884 1447 1083 1528 πατριάρχου
1112 1446 1202 1530 ἡμῶν
1221 1447 1255 1511 ἐν
1274 1449 1320 1535 τῷ

227 1548 364 1633 ἐρύματι
385 1548 588 1631 Φραηγουλῆ,
607 1543 655 1610 ἐτι
679 1546 779 1610 orituri
790 1543 918 1627 μακράν
939 1547 1120 1627 ἀπέχοντος,
1144 1543 1216 1610 fiori
1238 1543 1320 1630 πρὸς

225 1650 414 1731 συνάντησιν
442 1648 528 1732 ου’τρῖ
557 1648 636 1720 ναῦς
668 1669 715 1719 τις
738 1646 895 1731 ἐρχομένη
927 1644 1123 1727 κατάχρυσος
1147 1648 1204 1710 καί
1222 1666 1319 1729 συρσ·

225 1751 303 1831 μένη
324 1753 358 1812 ἐν
386 1749 429 1833 τῷ
453 1749 586 1833 ποταμῷ
614 1741 702 1825 παρά
731 1747 786 1826 τῆς
809 1742 934 1830 σκάφης
963 1745 1079 1826 αὐτῆς,
1111 1747 1167 1809 καί
1184 1746 1319 1830 ἐζήτουν

226 1844 282 1911 τάν
304 1844 506 1929 πατριάρχην
531 1845 686 1909 εἰσελθεῖν
715 1844 749 1907 ἐν
772 1844 874 1930 ου’τῇ·
929 1836 969 1925 ἧν
998 1842 1058 1925 γάρ
1089 1841 1240 1929 διάροφος
1266 1842 1322 1909 καί

176 1943 415 2030 ιδιριάροφος,
437 1943 481 2019 ῶς
505 1943 523 2027 ἧ
548 1944 669 2007 παλαιά
686 1944 788 2026 ἐκείνη
806 1943 863 2006 τοῦ
884 1944 959 2006 Νῶε
979 1939 1123 2024 κιβωτός.
1143 1940 1198 2006 καί
1216 1941 1319 2026 ἐκείνη

226 2047 381 2130 ἀσφαλῶς
403 2039 441 2127 ἦν
469 2045 774 2128 περιησφαλισμὲνη.
825 2039 906 2123 αὕτη
935 2044 1013 2122 μέν,
1046 2037 1121 2107 άσσν
1145 2044 1205 2122 μὲν
1222 2042 1256 2104 ἐν
1276 2044 1320 2127 τῷ

225 2138 344 2223 ὅέστι,
372 2146 470 2229 πίσση
499 2142 689 2227 κεχρισμίνη
717 2140 870 2225 ἐπῆρχεν,
891 2135 967 2205 ὅσον
988 2143 1025 2207 δὲ
1047 2138 1082 2205 τὸ
1105 2139 1316 2226 φαινόμενον,

226 2246 262 2308 ἐν
280 2241 432 2326 χρῶμαοι
455 2237 625 2327 διαφόροις
645 2234 682 2325 ἦν
704 2242 1000 2323 κεκαλλωπισμένη·
1042 2236 1158 2322 μικράν
1178 2240 1214 2303 ii
1234 2240 1319 2304 ἀνω-

227 2345 311 2423 τέρω
342 2338 562 2426 παραθυρῶες
594 2341 846 2425 τετορνευμέναι,
882 2341 925 2415 ῶς
948 2333 989 2405 ἀν
1010 2362 1059 2415 τις
1080 2340 1215 2420 εἰκάσαι,
1235 2337 1317 2421 μετά

174 2474 219 2516 20
228 2441 341 2506 κιόνων
360 2446 481 2505 λεπτῶν
501 2432 583 2522 ἦσαν
598 2439 697 2504 αάταί
716 2438 772 2503 καί
786 2438 866 2520 μετά
888 2442 1065 2523 μαρμάρων
1085 2441 1243 2520 κοκκίνων,
1264 2440 1321 2503 καί

227 2535 353 2605 ἀνωθεν
377 2539 497 2604 τούτων
528 2537 686 2623 πράκυψις
704 2535 894 2623 ῶραιοτάτη,
915 2538 1063 2623 ὑπεράνω
1085 2540 1120 2602 δὲ
1140 2535 1242 2621 πάσης
1260 2540 1319 2621 τῆς

226 2640 302 2725 νηὸς
318 2639 479 2705 τιάιιλωθεν
498 2635 649 2720 πολεμικά
671 2627 802 2725 άρηανα,
825 2641 882 2704 καί
900 2640 935 2704 ἐν
951 2642 1038 2727 μέοιρ
1060 2644 1243 2724 μαχειρεϊον
1262 2634 1316 2702 διά

300 2843 325 2892 5.
344 2837 504 2906 ἀπῆλθενΡ
593 2859 619 2912 9.
639 2836 672 2896 di
690 2842 780 2914 ἡμέρη
808 2838 897 2912 yma
989 2856 1028 2892 ro.
1046 2838 1161 2911 riilnepi
1178 2838 1226 2905 τῆς
1243 2838 1319 2892 ἐλεύ-

299 2929 371 2971 oruc
387 2911 440 2994 rpu‘
458 2910 637 2982 πατριάρχου
655 2914 695 2974 εἰς
716 2917 884 2985 Φερραρίαν
900 2908 950 2964 ΜΡ
1080 2929 1118 2963 ιι.
1139 2914 1284 2983 ἐρείσματι
1300 2909 1320 2961 P

241 3002 244 3011 ’
302 2983 342 3070 r}
361 2981 409 3036 δια
429 2982 476 3048 τῆς
497 2982 674 3055 σκαφίδοςΡ
821 3003 824 3021 ·

226 3153 388 3224 complexui
407 3162 588 3224 porrectaque
606 3154 725 3218 dextera,
745 3169 825 3224 quam
845 3152 892 3204 iiie
906 3153 1042 3205 osculatur
1061 3158 1112 3213 est,
1132 3149 1167 3203 ad
1183 3151 1317 3203 sinistram

226 3241 305 3278 auam
323 3224 475 3276 collocavit.
494 3226 638 3296 purpurati
660 3233 751 3276 autem
769 3223 805 3276 ad
832 3224 916 3294 pedes
936 3241 1027 3276 eorum
1046 3220 1227 3274 consederunt
1243 3220 1318 3272 ralu-

227 3296 334 3348 tatione
354 3295 384 3347 in
402 3293 510 3347 Christo
530 3304 648 3366 peracta.
667 3294 768 3347 deinde
787 3310 882 3347 arcano
902 3293 936 3346 de
954 3310 1020 3364 pace
1039 3292 1184 3353 collocuti,
1203 3288 1318 3359 digreaai

225 3374 307 3433 σατις
330 3373 359 3417 et
374 3381 445 3435 papa
462 3364 572 3436 quidem
588 3368 616 3418 in
654 3367 737 3419 aiatio
758 3383 807 3417 ruo
825 3367 930 3429 mansit,
949 3366 1096 3433 imperator
1113 3361 1146 3414 ab
1168 3361 1316 3432 equitibus,

225 3436 390 3508 quibuacum
413 3445 546 3501 venerat,
564 3437 593 3488 in
620 3383 694 3488 aiiud
721 3438 866 3507 palatium,
894 3434 1112 3505 splendidiaeimo
1139 3434 1316 3493 instructum,

224 3524 288 3559 curn
306 3507 432 3558 tubarum
450 3517 530 3560 cantu
552 3506 683 3560 deductus
703 3516 761 3571 eat,
784 3517 866 3578 atque
890 3506 929 3557 ibi
950 3524 1009 3558 curn
1028 3503 1203 3577 optimatibus
1221 3510 1250 3555 et
1265 3502 1318 3553 rni-
1344 3515 1349 3536 ¹
1395 3569 1400 3577 η

226 3577 321 3631 niatria
339 3578 395 3630 auis
413 3579 486 3645 regie
506 3577 661 3631 deversatus
680 3586 739 3641 eat,
757 3580 856 3630 mensis
876 3578 966 3630 Martii
986 3577 1032 3630 die
1051 3583 1157 3646 quarto.
1252 3621 1259 3637 ,

304 3648 343 3700 16.
378 3647 531 3702 Accedente
549 3648 700 3719 patriarcha
715 3659 806 3701 nostro
825 3647 859 3700 ad
881 3648 1021 3707 cantellum
1040 3644 1250 3716 Frangulinum‚
1270 3641 1319 3694 aed

224 3728 319 3772 tamen
338 3717 418 3787 longe
444 3718 533 3771 adhuc
552 3720 677 3783 absente,
701 3721 776 3771 naris
793 3720 915 3770 inaurata
945 3719 971 3770 ei
991 3718 1098 3770 obviarn
1117 3716 1251 3772 mittitur.
1269 3729 1320 3782 per

225 3790 329 3841 flumen
352 3806 367 3839 a
385 3790 484 3860 scapha
501 3807 550 3842 aua
568 3799 668 3853 tracta,
688 3799 852 3859 rogaturque
873 3788 1041 3858 patriarcha,
1061 3797 1093 3842 ut
1111 3804 1171 3840 eam
1188 3800 1320 3837 conscen-

226 3860 320 3913 deret:
339 3858 460 3913 habebat
478 3862 550 3913 enim
569 3862 623 3913 dno
644 3869 672 3913 et
689 3862 738 3912 tria
759 3860 890 3922 tabulata,
915 3860 986 3911 aient
1001 3867 1079 3912 retur
1097 3859 1145 3910 illa
1165 3872 1225 3908 arca
1243 3854 1318 3917 Noe,

226 3939 259 3983 et
274 3929 346 3981 bene
365 3929 487 4001 undique
509 3940 569 3984 erat
593 3933 773 3994 communita,
821 3938 931 3982 uantum
949 3930 998 3981 rub
1017 3928 1098 3981 undio
1119 3935 1186 3990 erat,
1206 3927 1266 3997 pice
1283 3924 1320 3976 il·

227 4003 280 4053 litu
290 4040 298 4064 ‚
318 4009 452 4071 quantum
469 4002 549 4054 undis
568 4004 708 4065 eminent,
729 3948 866 4054 οοΙοίέιιιι
885 4000 965 4052 variis
985 3997 1118 4053 decorata.
1136 3999 1219 4070 paulo
1237 4012 1319 4065 rupe·

226 4074 284 4124 rius
302 4072 438 4123 fenestrae
455 4089 546 4143 opere,
568 4083 598 4126 ut
619 4075 679 4143 quia
698 4081 816 4143 putaret,
836 4071 967 4134 tornatili,
987 4088 1048 4123 cum
1068 4069 1219 4125 columellis
1239 4083 1254 4119 e
1275 4083 1320 4117 ru·

227 4142 279 4194 bro
298 4158 440 4208 marmore;
459 4153 487 4195 et
504 4161 585 4214 supra
602 4143 651 4196 hau
670 4144 823 4214 proiectura
838 4143 1006 4212 pulcerrima.
1026 4143 1055 4195 in
1067 4159 1168 4194 summa
1185 4139 1248 4192 navi
1267 4137 1319 4188 cir·

229 4213 363 4264 cumeirca
385 4212 517 4283 disposita
536 4224 615 4267 erant
633 4231 704 4265 arma
724 4215 838 4275 bellica,
858 4221 887 4265 et
906 4213 936 4265 in
953 4211 1043 4266 medio
1061 4213 1152 4265 culina
1167 4211 1206 4264 'ob
1225 4224 1318 4261 ascen-

230 4300 292 4336 sum
310 4283 377 4334 sumi
397 4284 426 4337 in
447 4285 554 4337 coelunt
575 4285 699 4339 liberum.
720 4286 808 4338 reatae
834 4292 911 4337 erant
927 4291 984 4338 turn
1004 4283 1039 4337 ad
1057 4286 1187 4357 puppim,
1204 4290 1264 4334 tum
1284 4275 1319 4328 ati
