3300 5274
441 448 526 533 516
750 471 917 536 turmis
951 464 1224 532 incuriosum

438 648 510 710 ρον,
535 624 581 697 είς
610 614 676 687 οἷον
696 613 737 685 όν
759 643 808 695 τις
835 616 991 703 χρήσοιτο
1017 613 1132 691 πόθος.
1172 611 1254 695 πλην
1279 613 1349 676 ἀλλ’
1372 610 1429 674 oriar
1447 609 1521 674 tal-

375 732 528 803 357ναντο
552 720 609 807 την
635 724 697 787 reia
726 718 837 802 μύρων
861 715 962 802 πηγην
982 711 1079 799 ξηρόν
1099 714 1156 777 καί
1181 706 1312 792 όνικμον
1333 712 1520 796 α’ποφῆναι,

433 827 548 907 καίπερ
568 820 669 886 πολύν
695 815 774 903 ὑπὲρ
797 816 909 882 τούτου
930 812 1109 896 ποιούμενοι
1128 810 1180 879 τόν
1200 814 1317 895 ιίγούνα.
1360 812 1416 872 καί
1438 807 1520 873 εἰκό-

433 946 514 997 τως·
574 920 616 984 oa‘
643 917 704 1001 γὰρ
741 917 796 983 ἴσα
830 926 896 990 τοῖς
922 914 1132 998 ἀνθρωπίνοις
1160 910 1200 977 τύ
1232 909 1311 993 πρός
1345 913 1425 973 θεοῦ
1453 916 1519 982 τοῖς

432 1024 533 1099 α’ξίοις
553 1020 785 1105 κεχαρισμένα,
816 1014 984 1101 ἐπειδήπερ
1012 1015 1095 1098 μηδὲ
1121 1021 1186 1089 τοῖς
1206 1012 1317 1087 adroic
1336 1004 1551 1079 riao'eetvrotf,

434 1114 534 1207 ὅροις.

520 1214 643 1302 Ταύτην
657 1214 716 1301 τήν
735 1214 873 1300 πονηρὰν
889 1215 1084 1291 ἐπεδείξαντο
1098 1209 1225 1296 γνώμην
1242 1210 1298 1274 καί
1314 1205 1387 1292 περί
1406 1205 1441 1272 τό
1463 1209 1520 1291 τῆς

431 1316 524 1394 ύσίας
540 1320 595 1383 καί
612 1316 843 1400 μυροβλητιδος
865 1310 1034 1395 Θεοδωρας
1053 1310 1221 1397 ἱερώτατον
1241 1313 1403 1390 λείψανον,
1425 1303 1442 1371 ὃ
1462 1309 1519 1368 καί

431 1417 475 1494 οἷς
496 1419 646 1502 ἐπιπολῆς
676 1420 816 1503 κείμενον
846 1414 1008 1496 α’περρίφη
1028 1437 1065 1478 τε
1084 1409 1163 1476 κατὰ
1183 1415 1257 1494 γῆς,
1281 1403 1308 1473 τό
1328 1404 1443 1490 τόλμης
1461 1404 1519 1468 καί

428 1519 555 1602 μιαρῶν
572 1524 700 1602 χειροῖν,
720 1518 776 1579 καί
789 1510 1015 1597 κοτεθροιύσθη
1029 1515 1074 1587 εἰς
1094 1515 1186 1595 μέρη,
1207 1509 1229 1574 ἃ
1250 1508 1289 1593 δη
1304 1513 1358 1572 καί
1377 1510 1440 1573 τοῖν
1459 1530 1516 1591 φι-
1531 1528 1571 1570 ro

429 1619 549 1682 λοθὲων
569 1617 651 1690 τινὲς
671 1610 851 1695 α’νελόμενσι
872 1606 965 1688 ἄλλος
987 1616 1047 1692 μὲν
1067 1612 1212 1694 α’λλαχαύ
1232 1607 1381 1693 πρύνερον
1401 1606 1444 1681 σός
1464 1606 1515 1669 ἰα·

428 1723 532 1798 κρεῖον
550 1706 689 1794 ἄμισθον
709 1709 920 1792 ἅπεκόμισαν·
960 1705 1091 1792 ύστερον
1113 1711 1148 1775 δὲ
1169 1711 1224 1775 καί
1242 1712 1344 1774 ταῦτα
1363 1706 1515 1787 συνῆκται

427 1817 491 1879 τῶν
515 1813 690 1899 εἰληφότων
708 1816 770 1878 τοῖν
788 1813 847 1891 μὲν
878 1811 1083 1890 ἀποδομένων
1102 1814 1204 1874 rovira
1226 1811 1317 1889 τιμῆς
1337 1808 1511 1890 ἀργυρίων,

426 1913 491 1979 τῶν
520 1914 555 1977 δὲ
581 1915 808 1995 χαρισαμὲνων
837 1914 878 1975 δι’
899 1908 939 1993 ἣν
959 1907 1053 1991 ἔσχον
1073 1906 1222 1994 φιλόθεον
1245 1905 1390 1990 γνώμην,
1411 1904 1434 1970 ἃ
1459 1907 1516 1968 καί

427 2013 473 2086 εἰς
490 2007 561 2086 ἑνός
585 2004 684 2087 αύθις
702 2013 965 2093 συναρμοσθέντα
993 2008 1138 2089 σώματος
1171 2007 1352 2088 όλομέλειαν
1381 2003 1511 2086 θαομό.
1527 2008 1567 2069 15

427 2132 492 2177 των
512 2114 651 2199 ἐνεργείᾳ
684 2111 760 2175 καθ’
780 2106 912 2193 ἑκάστην
939 2100 1100 2195 ἀφθόνως
1121 2104 1314 2191 πηγόζουσιν
1346 2107 1390 2180 εἰς
1418 2107 1513 2183 δόξαν

427 2211 482 2273 καί
503 2203 598 2286 αὖθις
618 2212 677 2274 τού
696 2205 800 2275 πάντα
820 2211 917 2274 πᾶσιν
937 2208 1103 2291 ἐπάγοντος
1123 2206 1227 2293 λόγοις
1251 2208 1428 2288 οἰκονομίας
1448 2205 1512 2289 α’ρ-

427 2304 535 2392 ea'wv·
858 2378 860 2383 ,

510 2404 561 2488 ιζ.
607 2401 744 2472 Τούτων1
755 2400 840 2470 ούτω
853 2406 1086 2490 προβεβηκότων
1106 2408 1161 2470 καί
1171 2408 1325 2486 α’κοσμίας
1337 2401 1440 2487 πόσης
1459 2425 1512 2485 γε·

426 2508 595 2591 γενημίνης
626 2502 698 2592 (διό
727 2501 854 2570 πάντων
877 2506 939 2588 γὰρ
970 2509 1031 2569 τοῖν
1053 2508 1087 2570 ἐν
1113 2508 1151 2592 τῇ
1177 2504 1265 2568 πόλει
1295 2506 1472 2585 κεχώρηκεν
1490 2502 1565 2585 ἧπο

426 2598 766 2691 καταφθορό)ὀἶκτον
798 2608 854 2669 ἐπί
883 2605 1003 2680 τούτοις
1031 2603 1048 2668 ό
1072 2606 1248 2688 Μουρύτης
1281 2601 1436 2684 λαμβάνει
1457 2604 1515 2683 τῆς

426 2700 559 2779 πόλεως.
599 2705 655 2769 καί
673 2705 786 2790 πρῶτα
806 2708 867 2787 μὲν
892 2702 969 2780 τούς
988 2702 1142 2780 εἰσιόντας
1164 2700 1232 2785 ἅμα
1253 2707 1297 2792 τῷ
1317 2700 1399 2767 κατὰ
1421 2700 1514 2764 δύσιν

429 3003 463 3055 ab
481 3001 600 3071 expertis
618 2999 779 3053 audiverant
796 3000 832 3052 ad
849 3001 987 3071 quoslibet
1000 3000 1108 3053 morbos
1119 3001 1322 3055 medicinalibus
1340 3002 1414 3073 ipris·
1427 3002 1511 3074 phar·

429 3074 510 3125 maele
526 3072 613 3123 multo
642 3071 774 3123 efficacius
793 3091 859 3124 erse.
904 3074 1080 3124 nibilominus
1102 3083 1298 3142 unquentorum
1329 3073 1431 3127 sontem
1455 3092 1513 3126 non

428 3152 542 3215 potuere
558 3158 650 3212 neque
672 3144 807 3195 exsiccare
834 3160 924 3214 neque
943 3144 1095 3207 exinanire,
1120 3146 1239 3215 quamvis
1266 3143 1296 3196 id
1316 3146 1514 3198 contentiosius

429 3216 598 3283 multumque
623 3230 673 3282 per
693 3222 797 3283 tempus
821 3217 982 3267 niterentur.
1007 3224 1036 3267 et
1061 3217 1172 3267 merito:
1198 3233 1233 3267 ne
1255 3230 1287 3266 ue
1307 3217 1379 3267 enim
1397 3216 1513 3268 bumana

431 3293 584 3354 exaequant
603 3301 674 3355 quae
691 3283 758 3336 ‹leua
772 3284 861 3354 dignu
880 3286 1022 3353 elargitur,
1039 3287 1120 3338 sicuti
1132 3303 1183 3338 nec
1196 3233 1291 3338 iisdem
1309 3288 1430 3340 terminis
1449 3286 1514 3340 aab·

430 3357 530 3409 iacent.

519 3425 595 3477 Idem
612 3423 664 3477 hoo
681 3424 816 3479 nefarium
835 3424 938 3477 iacinua
958 3426 1029 3478 cirea
1047 3434 1154 3479 sauctae
1168 3434 1196 3477 et
1213 3426 1401 3495 myroblytidir
1418 3428 1513 3481 Tbeo-

430 3494 513 3549 dorae
531 3496 701 3547 sacerrimum
719 3495 831 3547 cadaver
847 3505 982 3566 patratum
1000 3504 1057 3559 eet,
1074 3496 1148 3565 quod
1166 3513 1225 3547 eum
1243 3499 1270 3549 in
1285 3500 1425 3567 superficie
1443 3501 1516 3550 iaec·

431 3576 482 3629 ret,
500 3566 559 3617 eolo
575 3575 736 3636 prostratum
749 3568 778 3635 (o
796 3565 942 3629 amiciam,
967 3584 983 3619 o
1004 3584 1098 3619 manue
1117 3568 1316 3640 exsecrandari)
1334 3576 1364 3622 et
1380 3571 1410 3622 in
1429 3570 1515 3621 variae

430 3646 521 3706 parter
541 3636 703 3706 discerptum
718 3646 773 3701 eat;
792 3654 857 3705 quaa
875 3638 913 3706 pii
932 3636 1055 3690 homines
1073 3648 1247 3700 assumentes,
1265 3640 1333 3691 aliua
1355 3640 1411 3693 alio
1430 3642 1516 3711 priua,

431 3717 478 3763 teu
500 3724 561 3760 uam
587 3708 663 3758 nulla
688 3707 810 3759 mercede
838 3707 997 3761 conductam
1020 3707 1181 3760 medicinam
1206 3720 1391 3780 arportaruut3
1418 3720 1516 3783 postea

433 3725 544 3830 eaedem
579 3778 753 3841 recollectae,
776 3778 824 3846 qui
852 3776 1008 3840 habuerant,
1034 3779 1095 3830 aliie
1115 3780 1203 3849 pretio
1222 3782 1433 3843 restituentibus,
1452 3781 1515 3834 aliia

433 3850 515 3917 gratia
533 3849 660 3900 dantibus
678 3857 788 3918 propter
807 3865 838 3900 ea
857 3866 925 3919 quae
944 3850 974 3901 in
991 3865 1020 3901 re
1042 3850 1201 3902 nutriebant
1220 3851 1264 3920 pia
1282 3853 1405 3917 consilia,
1423 3852 1515 3905 denuo

433 3921 463 3971 in
482 3937 562 3971 uuam
580 3919 679 3988 integri
705 3921 824 3989 corporis
852 3920 966 3971 formam
992 3924 1157 3989 compositae
1182 3923 1372 3975 miraculorum
1399 3922 1515 3976 efficacia

433 3990 559 4059 quotidie
584 3990 723 4043 affluenter
754 3990 946 4053 innotescunt,
972 3991 999 4041 in
1025 3991 1136 4058 gloriam
1162 4010 1249 4056 nrrsue
1268 3995 1341 4058 eiua,
1359 3994 1407 4064 qui
1425 3994 1515 4047 onnia

434 4062 552 4112 omnium
571 4063 640 4127 regit
658 4061 866 4129 moderaturque
882 4077 946 4112 auae
963 4061 1149 4131 providentiae
1173 4063 1348 4116 inenarrabili
1368 4066 1480 4119 ratione.

508 4149 547 4200 ιη.
583 4133 632 4183 llio
660 4133 712 4184 boc
731 4131 812 4184 modo
832 4132 957 4202 peractio,
985 4132 1164 4204 omnibusque
1180 4135 1363 4204 incomporitie
1380 4136 1515 4204 acturpi-

436 4209 479 4256 ter
494 4200 660 4265 deformatio,
679 4219 728 4271 per
746 4203 835 4254 omnia
852 4202 998 4272 siquidem,
1013 4220 1084 4272 quae
1101 4205 1131 4256 in
1148 4204 1214 4257 urbe
1232 4212 1317 4267 erant,
1335 4204 1425 4258 eladae
1444 4222 1517 4272 grae-

437 4283 494 4325 rata
513 4279 564 4333 eat,
581 4272 693 4324 aillirtae
710 4274 825 4325 civitatia
844 4273 970 4325 fortunae
987 4273 1120 4326 Muratem
1145 4274 1180 4326 ad
1200 4275 1410 4328 mirericordiam
1428 4276 1518 4328 allici·

438 4353 495 4396 unt.
534 4350 563 4394 rt
578 4342 692 4413 primum
714 4343 825 4414 quidem
842 4345 888 4414 qui
906 4360 966 4396 cum
984 4361 1091 4398 oecaam
1118 4344 1186 4399 duee
1205 4347 1394 4417 immigrarant,
1414 4347 1518 4419 quiquo
