3370 5242
365 407 451 511 304
678 428 852 497 unouou
883 432 1124 500 iuuenum
1222 484 1231 500 .

443 583 528 648 Ἀλλ’
554 581 609 645 im*
634 578 671 643 τὸ
701 583 906 666 προκείμενον
936 586 1166 668 ἐπανέλθωμεν.
1215 583 1278 651 α’πὸ
1300 588 1335 651 δὲ
1353 581 1456 670 Ἡρα·

315 754 319 765 ,
366 685 471 749 ιιλείοο
500 679 558 745 τοῦ
582 675 724 762 μεγάλου
752 679 809 745 καί
834 686 895 746 τοῦ
924 683 1194 770 ψευδοπροφήτου
1223 684 1378 768 Modus&
1394 686 1454 761 ἕως

248 790 283 827 ¹2
309 768 317 785 ¹
362 788 419 866 τῆς
439 777 603 864 βασιλείας
633 780 876 845 Κανσταντίνου
905 784 965 848 τοῦ
985 786 1229 868 Παλαιολόγου,
1250 788 1310 849 τοῦ
1337 783 1453 867 σ’γδόου

363 878 609 965 βασιλεύσαντος
632 878 667 941 έν
687 880 875 962 τοῦγένους
897 881 1212 968 τῶνΠαλαιολόγων,
1233 882 1266 958 ὃς
1289 882 1454 965 έβασιλευ-

363 1004 419 1044 σεν
437 976 494 1062 ἔτι]
518 977 545 1041 δ’
565 976 622 1040 καί
643 978 746 1059 μῆνας
766 977 802 1058 δ’,
835 980 915 1045 εἰσίν
934 976 990 1065 ἔτι]
1011 977 1093 1060 οννζ.
1150 984 1336 1065 ε’βασιλευσε
1360 982 1396 1044 δὲ
1415 979 1482 1055 τάὸ

362 1082 426 1145 τάν
446 1077 680 1159 Παλαιολόγιυν
702 1080 792 1158 γένος
813 1078 847 1142 έν
866 1079 939 1165 τῇδε
958 1082 997 1166 τῇ
1017 1078 1231 1169 βασιλευούσῃ
1250 1085 1315 1146 τῶν
1334 1081 1454 1145 πόλεων

363 1176 420 1263 ἔτῃ
441 1177 514 1261 ρῖιί
534 1178 590 1240 καί
607 1177 710 1260 μῆνας
723 1170 743 1236 ι’
765 1179 820 1240 καί
838 1171 960 1261 ἡμέρας
980 1173 1017 1241 δ’.
1060 1177 1115 1243 καί
1133 1177 1195 1244 aiud
1212 1184 1453 1246 Κωνσταντίνοσ

365 1279 510 1359 Φλαβίου
530 1268 648 1359 ἤρξατο
677 1272 866 1357 ἤβασιλεία
898 1278 933 1341 έν
955 1278 1291 1343 Κωνσταντινουπάλει
1318 1282 1375 1344 ιιαί
1401 1281 1456 1345 int

255 1416 259 1421 ·
366 1377 607 1442 Κωνσταντίνου
638 1374 698 1437 τοῦ
718 1374 941 1458 Παλαιολόγου
970 1380 1068 1461 πέρας
1088 1373 1211 1459 ἔλαβεν.
1265 1381 1299 1443 έν
1319 1381 1393 1467 τῇδε
1413 1382 1455 1466 τῇ

252 1518 280 1559 ,ς
362 1478 545 1562 τριταλαίνρ
575 1470 664 1537 πόλει
684 1470 893 1557 ἐπεκράτησεν
914 1472 936 1559 ἧ
954 1478 1018 1541 τάν
1043 1475 1210 1558 Ῥωμαίων
1229 1477 1378 1561 βασιλεία
1398 1476 1452 1564 ἔτῃ
1466 1503 1506 1545 ro

366 1572 466 1668 ἀρμγ
490 1576 593 1661 μῆνας
613 1569 632 1636 ι’
654 1570 707 1635 καὶ
725 1570 847 1657 ἡμέρας
868 1570 906 1637 δ’.

468 1671 617 1756 Ποιήσας
645 1663 702 1735 οὖν
730 1674 769 1757 τῇ
799 1675 889 1759 τρίτῃ
913 1671 1016 1763 ἡμέρᾳ
1045 1676 1101 1758 τῆς
1124 1672 1271 1753 άλάσεας
1289 1676 1309 1740 ὅ
1329 1678 1456 1761 α’μῃρᾶς

254 1844 262 1867 x
364 1776 525 1857 θρίαμβον
555 1772 611 1835 καί
638 1768 746 1854 χαράν
774 1767 913 1857 μεγάλην
945 1771 997 1838 διά
1024 1772 1083 1857 τήν
1113 1778 1200 1861 νίνῃν
1223 1775 1279 1859 τὴν
1299 1778 1377 1841 κατά
1399 1776 1455 1860 τῆς

244 1882 279 1899 '¹
304 1866 310 1879 ’
366 1872 498 1953 πόλεως,
518 1873 574 1935 καί
591 1866 742 1945 κελεύσας
756 1871 808 1935 ἵνα
821 1872 975 1947 ἐξέλθωσι
992 1870 1103 1951 πάντες
1118 1872 1149 1939 οἱ
1161 1869 1325 1957 ἅνθρωποι
1344 1877 1459 1957 μικροί

365 1995 400 2037 τε
420 1969 477 2036 καί
491 1968 625 2054 μεγάλοι
652 1965 683 2033 οἱ
713 1959 798 2044 ὄντες
827 1970 1035 2055 κεκρυμμένοι
1059 1970 1093 2038 ἔν
1111 1998 1176 2039 τισι
1193 1969 1300 2049 τόποις
1320 1982 1454 2060 κρυφοῖς
1467 1976 1505 2040 15

366 2076 422 2157 τῆς
443 2068 564 2145 πόλεως
576 2071 631 2133 καί
650 2067 813 2154 έλεάθεροι
833 2069 889 2134 καί
903 2068 1101 2157 ιῖνενόχλῃτοι
1121 2066 1221 2138 οὖσιν·
1262 2072 1380 2155 ὁμοίως
1400 2076 1456 2138 κατ’

365 2169 478 2244 πάντες
498 2162 569 2234 ὅσοι
589 2169 624 2233 έν
643 2169 697 2252 τῆς
716 2167 838 2245 πόλεως
863 2165 1006 2256 ἔφυγον,
1035 2169 1079 2246 ὥς
1099 2173 1300 2256 προείπαμεν,
1326 2170 1379 2236 διά
1399 2168 1456 2238 τάν

367 2264 469 2354 φόβον
488 2269 546 2333 τοῦ
575 2268 736 2348 πολέμου,
761 2268 892 2344 ἕκαστος
910 2270 1016 2333 αὐτῶν
1034 2270 1207 2359 έπιστρέψῃ
1227 2275 1274 2348 εἰς
1296 2270 1353 2337 τὸν
1371 2265 1456 2337 οἶκον

367 2368 478 2450 αὐτοῦ,
496 2364 552 2432 ιιαί
564 2369 679 2450 eidnec
700 2369 832 2431 iuuetur
852 2364 930 2432 κατά
952 2367 1011 2453 τὴν
1031 2368 1119 2449 τάξιν
1139 2370 1195 2434 καί
1212 2376 1385 2456 θρησκείαν
1396 2370 1457 2436 uu‘·

364 2470 435 2545 rori,
458 2465 501 2541 ὥς
513 2468 568 2530 καί
581 2463 732 2549 πρότερον
752 2458 803 2550 ἦν.
827 2462 945 2546 ὅμοίως
959 2472 1147 2551 προσέταξεν
1166 2474 1218 2534 ἵνα
1237 2468 1504 2557 ποιήσωσιιιαίοο

365 2563 565 2650 πατριάρχῃν
588 2563 632 2641 nic
659 2565 793 2650 ου’νῃθες
821 2557 862 2650 ἦν
883 2563 961 2631 κατά
982 2566 1040 2651 τὴν
1059 2567 1147 2646 τάξιν
1166 2568 1290 2634 αὑτῶν·
1333 2563 1372 2655 ἧν
1390 2566 1454 2655 γάρ

365 2663 602 2750 προαποθανὼν
636 2661 654 2728 d
675 2663 886 2750 πατριάρχης.
935 2668 993 2729 ναί
1016 2668 1194 2745 ἐκλέξαντες
1222 2666 1253 2733 οἱ
1272 2669 1455 2753 ἐντυχόντες

365 2762 528 2851 ἀρχιερεῖς
546 2766 604 2830 καί
621 2759 652 2829 oi
672 2763 774 2848 α’λίγοι
792 2762 878 2830 πάνυ
900 2765 1000 2851 ἕτεροι
1018 2762 1184 2853 ἱερωμένοι
1203 2771 1258 2835 καί
1274 2773 1380 2837 λαϊιιοί
1398 2769 1454 2836 τὸν

421 2998 448 3053 7·
466 2974 541 3037 ονιλα
557 2977 578 3032 Ρ

436 3165 492 3220 Sed
510 3164 650 3218 redeamus
667 3165 720 3218 iana
739 3165 774 3218 ad
792 3180 840 3237 pro
862 3165 972 3218 auitum.
1009 3164 1044 3218 ab
1057 3164 1181 3219 Heraclio
1198 3184 1295 3238 megan
1312 3177 1341 3222 et
1357 3167 1453 3222 Mehe-

365 3246 438 3292 mete
454 3236 693 3309 pseudopropheta
711 3255 742 3290 ua
764 3253 829 3288 σεο
866 3237 1009 3306 imperium
1027 3236 1199 3291 Conetuntini
1217 3238 1382 3309 palaeologi,
1401 3242 1454 3293 im-

364 3309 498 3380 peratorie
518 3324 533 3359 e
553 3318 633 3377 gente
652 3254 869 3377 Palaeoiogorum
887 3308 982 3373 oetam,
1001 3308 1047 3377 qui
1067 3324 1151 3361 annor
1169 3318 1285 3379 quatuor
1301 3319 1330 3364 et
1348 3328 1452 3365 meneet

365 3389 485 3451 quatuor
500 3379 649 3448 imperavit,
670 3379 734 3431 anni
744 3380 795 3447 857
815 3386 997 3431 numerantur.
1016 3379 1185 3446 imperarunt
1196 3387 1286 3432 autem
1298 3381 1451 3452 palaeologi

365 3452 393 3503 ln
412 3450 463 3502 hec
476 3451 568 3519 regina
586 3438 692 3501 drbium
709 3466 795 3501 annor
810 3452 866 3514 194,
887 3464 991 3500 menaea
1013 3465 1042 3500 ro
1059 3457 1088 3501 et
1103 3448 1161 3502 dier
1173 3452 1198 3518 4.
1211 3450 1290 3520 Cpoli
1310 3453 1452 3522 imperium

364 3532 491 3591 ooeptum
511 3529 553 3574 aet
571 3518 622 3571 rub
641 3520 733 3573 Flavio
751 3518 940 3581 Conetantino,
958 3519 1065 3571 finitum
1084 3520 1134 3571 eub
1145 3521 1324 3574 Constantino
1340 3524 1452 3577 Palaeo-

365 3593 437 3661 logo.
472 3590 561 3662 viguit
577 3591 659 3661 igitur
676 3591 705 3643 in
722 3590 870 3643 mieerrima
889 3589 939 3642 hac
965 3588 1033 3641 urbe
1049 3604 1137 3644 aanor
1166 3592 1246 3660 ¹¹i³=
1272 3610 1377 3646 menaea
1407 3611 1453 3659 ro,

365 3662 424 3716 dier
462 3698 468 3713 .

436 3667 546 3786 άατεττι
564 3731 611 3783 die
630 3731 711 3783 tertio
723 3737 786 3800 port
804 3737 909 3800 captam
927 3729 1021 3783 urbem
1032 3730 1197 3802 triumphum
1217 3740 1245 3785 et
1262 3733 1389 3801 gaudium
1408 3734 1453 3787 in·

366 3820 430 3873 gene
448 3812 558 3876 propter
576 3810 736 3872 reportatam
749 3801 889 3853 victorium
901 3803 1018 3871 agitavit,
1036 3803 1155 3866 edicene,
1166 3812 1197 3855 ut
1208 3821 1309 3867 omnes,
1323 3805 1412 3875 magni
1425 3812 1456 3858 et

365 3876 451 3944 parvi,
462 3876 510 3945 qui
521 3873 642 3926 latebant
653 3874 682 3925 in
700 3872 767 3924 locir
778 3871 852 3924 urbii
863 3871 1040 3937 absconditio,
1052 3874 1195 3944 prodirent
1205 3891 1273 3927 nere
1285 3892 1300 3927 a
1316 3892 1455 3946 quoquam

365 3954 544 4010 vexarentur3
562 3945 625 3999 item
644 3945 680 4007 ii,
699 3945 746 4013 qui
761 3944 857 3995 timore
877 3941 947 3995 belli
965 3944 1086 4014 impulsi,
1104 3952 1135 3997 ut
1150 3954 1214 3997 aute
1233 3948 1456 3999 commemoravi-

365 4032 433 4077 mua,
447 4032 481 4067 ex
503 4014 570 4067 urbe
588 4015 776 4086 profugerant,
792 4031 865 4065 ruem
884 4015 999 4085 quiaque
1018 4014 1126 4067 domum
1147 4016 1268 4069 redirent
1285 4026 1313 4069 et
1331 4019 1457 4072 viverent

366 4084 512 4137 seeundum
531 4102 632 4138 morem
658 4094 687 4138 et
704 4085 861 4153 religionem
879 4102 973 4149 auum,
992 4085 1062 4139 eicut
1078 4094 1167 4139 antea.
1205 4087 1276 4141 idem
1294 4089 1453 4157 imperarit,

366 4164 398 4207 ut
414 4156 592 4225 patriarcham
609 4172 659 4226 pro
679 4171 754 4207 more
770 4172 820 4207 auo
834 4164 969 4222 creareut3
989 4165 1067 4210 vetut
1081 4157 1153 4208 enim
1170 4166 1291 4210 mortrme
1313 4166 1378 4210 erat
1400 4160 1454 4210 ita-

366 4242 421 4296 que
438 4226 487 4295 qui
513 4226 583 4278 iorte
600 4225 712 4277 aderant
737 4226 858 4295 episcopi
877 4233 905 4278 et
921 4228 1049 4295 perpauci
1073 4228 1120 4280 alii
1142 4228 1234 4280 cleriei
1256 4236 1283 4279 et
1297 4228 1361 4279 laici
1379 4230 1454 4300 rapi.

367 4297 535 4351 entieeimum
553 4296 693 4351 dominum
711 4297 855 4367 Georgium
874 4296 1051 4364 Seianianum,
1074 4299 1214 4353 etiamtum
1234 4298 1339 4362 laicum
1359 4302 1454 4372 elege-
