3402 5222
410 386 492 473 ²72
720 384 894 449 cnosson
925 385 1169 449 rnnesmsn

408 531 426 598 ὅ
448 535 557 611 πιστὸς
582 532 638 599 καί
654 533 755 616 τίμιος
777 535 866 616 λαός,
888 537 991 609 καλῶς
1013 532 1121 600 οἴδατε
1144 526 1195 597 δτι
1215 529 1358 618 ἔφθασεν
1380 533 1399 627 ᾗ
1422 525 1489 615 ῶρα

408 634 500 699 sati
521 634 637 719 ἐχθρὸς
669 635 724 717 τῆς
755 638 890 708 πιστεοις
920 633 1009 716 ἡμῶν
1035 634 1182 715 βούλεται
1211 634 1262 697 ἵνα
1288 632 1368 712 μετά
1389 629 1491 716 πάσης

407 737 518 818 τέχνης
539 736 593 797 καί
609 735 754 818 μηχανῆς
775 735 987 817 ἰσχυροτέρως
1004 732 1223 818 στενοχωρήσῃ
1247 731 1419 815 ἡμᾶς,καί
1434 733 1491 796 αδ-

407 839 502 915 λεμον
522 830 663 919 σφοδράν
688 831 769 913 μετά
793 834 974 915 συμπλοκῆς
1006 830 1142 915 μεγάλης
1174 834 1230 923 καί
1256 827 1436 915 συρράξεως
1454 833 1489 895 ἐκ

406 938 464 1016 τῆς
482 935 601 1016 χέρσου
621 933 677 995 καί
697 928 861 1015 θαλάσσης
887 928 974 1018 δῶσῃ
995 929 1072 1012 ἡμῖν
1098 927 1180 1010 μετά
1197 926 1300 1014 πάσης
1315 928 1517 1011 δυνάμεως,5

407 1032 469 1111 tta,
485 1034 516 1095 εἰ
536 1029 678 1111 δυνατόν,
700 1025 744 1105 ῶς
763 1021 838 1115 ὄφις
855 1028 910 1092 τὸν
930 1028 979 1093 its
996 1028 1114 1114 ἐκχάσῃ
1135 1029 1192 1091 καί
1209 1025 1253 1104 ῶς
1273 1031 1352 1092 λέων
1374 1026 1488 1113 α’νὴμε-

406 1152 462 1214 ρος
487 1134 619 1215 καταπίῃ
642 1128 735 1212 ἡμᾶς.
758 1129 927 1214 [βιάζεται]
956 1126 1009 1191 διὰ
1029 1128 1120 1192 τοῦτο
1143 1129 1222 1209 λέγω
1240 1125 1296 1190 καί
1314 1131 1489 1208 παρακαλῶ

282 1280 332 1303 Ὗ,
353 1268 369 1281 --
405 1232 491 1306 ὑμᾶς
509 1230 561 1292 ἳνα
576 1232 669 1311 στῆτε
693 1227 845 1312 α’νδρείως
866 1230 922 1290 καί
949 1225 1027 1307 μετά
1048 1227 1190 1310 γενναιάς
1210 1226 1327 1309 ψυχῆς,
1349 1222 1393 1301 ῶς
1411 1226 1487 1291 πάν·

404 1351 476 1393 τοτε
498 1326 557 1404 ἕως
575 1331 631 1391 τοῦ
661 1328 718 1391 νῦν
736 1325 916 1411 ἐποιήσατε,
939 1324 1019 1390 κατά
1048 1329 1112 1395 τῶν
1133 1325 1261 1408 ἐχθρῶν
1281 1330 1338 1409 τῆς
1355 1331 1487 1403 πίστεως

299 1496 307 1505 ,
404 1430 504 1511 ἡμῶν.
546 1426 749 1508 παραδίδωμι
772 1427 807 1489 δὲ
827 1419 905 1505 άμῖν
930 1425 987 1509 τήν
1008 1421 1260 1510 ε’κλαμπροτάτγν
1278 1426 1334 1489 καί
1353 1432 1485 1511 περίφρ·
1500 1457 1536 1499 ιο

404 1550 465 1608 μοι
484 1524 601 1610 ταύτην
628 1522 718 1589 πόλιν
749 1526 805 1588 καί
823 1526 959 1609 πατρίδα
982 1524 1071 1608 ἡμῶν
1102 1524 1158 1588 καί
1174 1521 1408 1606 βασιλεύουσαν
1425 1527 1487 1591 τῶν

405 1628 537 1689 πόλεων.
587 1627 690 1697 καλῶς
712 1616 771 1687 οὖν
791 1620 905 1705 οἴδατε,
933 1622 1085 1708 α’δελφοί,
1111 1619 1162 1687 δτι
1184 1621 1238 1689 διά
1259 1620 1400 1708 τίσσαρά
1417 1648 1486 1688 τινα

374 1723 561 1806 Βδφειλέται
587 1724 698 1797 κοινῶς
728 1724 823 1802 ἐσμὲν
848 1718 959 1796 πάντες
985 1725 1038 1785 ἵνα
1059 1720 1299 1807 προτιμήσωμεν
1316 1722 1487 1788 α’ποθανείι

356 1850 360 1855 ·
402 1826 523 1903 μᾶλλον
543 1813 565 1905 ἢ
588 1823 655 1904 ζῆν,
680 1822 875 1904 πρῶτονμὲν
891 1821 971 1905 ὑπὲρ
993 1822 1047 1904 τῆς
1066 1824 1202 1897 πίστεως
1216 1818 1305 1906 ἡμῶν
1322 1825 1377 1887 καί
1396 1823 1487 1887 etios-

401 1926 511 2003 βείας,
540 1919 688 2003 δεύτερον
716 1921 752 1983 δὲ
773 1919 853 2005 ὑπὲρ
875 1922 931 2003 τῆς
952 1921 1120 2003 πατρίδος,
1144 1920 1250 2005 τρίτον
1272 1924 1307 1986 δὲ
1327 1922 1408 2005 ὑπὲρ
1429 1924 1537 1997 sosias

400 2021 556 2101 linostima
590 2015 634 2095 ῶς
654 2021 792 2103 χριστοῦ
811 2021 942 2102 κυρίου,
969 2020 1026 2082 καί
1055 2023 1207 2104 τέταρτον
1230 2016 1310 2104 ὑπὲρ
1331 2024 1487 2104 συγγενῶν

400 2120 456 2185 καί
474 2123 587 2204 φίλων.
627 2117 746 2200 λοιπόν,
768 2120 918 2203 ἀδελφοί,
949 2117 1006 2182 ἐάν
1025 2119 1189 2203 χρεῶσταί
1204 2104 1300 2201 ἐσμεν
1321 2120 1399 2202 ὑπὲρ
1419 2115 1486 2195 ἑνὸς

401 2220 514 2284 ἐκτῶν
544 2213 708 2301 τεσσάρων
736 2220 946 2300 α’γωνιζεσθυι
977 2216 1036 2293 ἕως
1059 2219 1221 2301 θανάτου,
1244 2221 1349 2308 πολλῷ
1367 2223 1486 2302 μᾶλλον

400 2317 482 2402 ὑπὲρ
514 2315 639 2383 πάντων
661 2316 778 2382 τούτων
799 2313 909 2400 ἡμεῖς,
940 2314 983 2391 ῶς
1003 2322 1134 2398 βλέπετε
1153 2322 1344 2404 προφανῶς,
1378 2321 1432 2382 καί
1449 2320 1486 2383 ἐκ

400 2413 526 2482 πάντων
556 2422 710 2497 μέλλομεν
733 2417 941 2499 ζημιωθῆναι.
988 2412 1046 2479 ἐάν
1074 2415 1128 2480 διά
1159 2413 1200 2481 τά
1220 2416 1282 2498 ἐμά
1302 2412 1536 2513 semestri-20

399 2540 487 2596 ματα
507 2514 724 2602 παραχωρήσει
749 2512 766 2578 ὁ
788 2514 864 2588 θεὸς
884 2512 941 2598 τὴν
959 2517 1046 2598 νίκην
1062 2522 1126 2591 τοῖς
1148 2516 1306 2598 ἀσεβέσιν,
1319 2511 1409 2599 *iniq
1429 2521 1485 2602 τῆς

400 2617 535 2689 πίστεως
567 2611 657 2698 ἡμῶν
685 2618 739 2698 τῆς
773 2612 884 2697 άγίας,
909 2610 949 2697 ἢν
967 2611 1108 2699 Χριστὸς
1129 2616 1165 2682 ἐν
1188 2619 1232 2705 τῷ
1254 2619 1356 2707 οίκειλρ
1375 2618 1485 2699 αἵματι

474 2822 514 2859 ro.
536 2796 585 2873 τάν
600 2805 709 2872 κλεινήν
724 2823 753 2860 τε
777 2809 826 2859 καὶ
841 2812 1007 2880 περίφρμοκ
1033 2808 1082 2861 καὶ
1099 2803 1311 2876 stultissimas
1329 2810 1378 2863 καλ
1392 2825 1484 2882 μεγα-

468 2878 691 2949 λοπρεπεστάτην
712 2882 760 2931 καλ
780 2874 878 2948 εὐγενῆ
893 2877 992 2943 πόλιν,
1017 2875 1068 2945 τὴν
1093 2877 1181 2940 ὄντως
1204 2880 1431 2956 ἐκλαμπροτιίτςν
1454 2896 1483 2935 τε

469 2953 518 3003 καὶ
533 2947 742 3019 βασιλεύουσαν
758 2948 815 3004 τῶν
830 2947 943 3006 πόλεων
960 2947 1040 3023 ἡμῶν
1056 2949 1180 3023 πατρίδα
1197 2950 1216 3004 Ρ

398 3120 500 3188 milites
513 3119 664 3183 clarissimi,
684 3119 881 3172 commilitones
904 3120 1101 3189 generosissimi
1121 3127 1149 3173 et
1161 3136 1253 3173 omnes
1268 3120 1364 3175 fideles
1384 3129 1413 3175 et
1430 3120 1481 3173 ho·

398 3191 513 3245 norsndi
532 3190 614 3243 cives!
632 3191 717 3261 probe
739 3192 835 3255 nostis,
854 3192 959 3244 venisse
977 3200 1097 3261 tempus,
1115 3208 1169 3262 quo
1188 3192 1252 3244 lislei
1270 3202 1378 3246 nostrae
1394 3192 1481 3245 hostis

399 3263 523 3315 omnibus
543 3261 646 3315 astibus
664 3269 693 3314 et
708 3261 839 3313 machinis
857 3260 1044 3314 vehementius
1062 3279 1112 3314 nos
1135 3280 1246 3332 urgere,
1274 3272 1303 3315 et
1322 3281 1400 3333 grave
1418 3264 1480 3317 bel·

398 3334 455 3385 lum
472 3348 569 3401 magno
585 3332 709 3385 conflictu
728 3341 757 3386 et
773 3333 920 3384 certamine
941 3342 1012 3385 terra
1036 3334 1157 3402 marique
1183 3351 1285 3386 summa
1305 3336 1479 3388 contentione

397 3405 477 3457 nobis
493 3404 592 3456 inferre
611 3403 738 3466 decrerit,
756 3411 796 3467 ut,
815 3403 839 3454 si
857 3401 951 3473 possit,
969 3412 1013 3455 ten
1036 3420 1096 3455 uam
1112 3405 1217 3473 anguis,
1234 3422 1367 3458 venenum
1384 3408 1413 3457 in
1429 3423 1480 3458 nos

398 3474 528 3537 effundat,
548 3483 585 3537 et,
603 3482 730 3544 tanquam
747 3474 855 3525 immitis
875 3474 929 3535 leo,
947 3491 996 3526 nos
1015 3419 1140 3526 (ierom.
1157 3492 1241 3545 quere
1260 3493 1324 3544 rogo
1341 3486 1370 3529 et
1387 3478 1480 3529 hortor

397 3563 454 3611 τοι,
472 3555 503 3597 ut
521 3546 627 3597 sortist
644 3561 775 3612 generoso
793 3545 891 3608 animo,
907 3543 977 3597 sieut
990 3543 1129 3615 hucusque
1139 3562 1245 3616 semper
1267 3548 1376 3609 fecistis,
1394 3547 1479 3600 hosti-

397 3617 449 3669 bus
478 3616 542 3668 ildei
565 3624 673 3667 nostrae
698 3615 836 3668 resistatis.
862 3615 940 3666 trado
966 3624 995 3667 et
1020 3615 1179 3668 commendo
1209 3618 1286 3670 vobis
1306 3619 1479 3671 clarissimam

397 3687 467 3740 hane
485 3697 513 3740 et
530 3687 661 3739 illustrem
679 3686 791 3749 urbem,
817 3687 930 3757 patriam
949 3694 1086 3750 nostram,
1106 3695 1134 3739 et
1150 3688 1269 3757 reginam
1287 3689 1404 3744 urbiam.
1423 3706 1479 3742 non

396 3759 541 3829 ignoretis,
557 3758 669 3820 iratres,
687 3767 804 3827 quatuor
819 3756 976 3809 nominibus
993 3759 1171 3810 communiter
1188 3776 1280 3813 omnes
1297 3778 1347 3812 nos
1367 3769 1479 3812 mortem

396 3831 468 3882 vites
488 3838 653 3899 anteponere
670 3826 779 3891 debere,
797 3831 911 3898 primum
927 3845 976 3899 pro
995 3826 1049 3880 fide
1068 3835 1096 3879 et
1113 3830 1230 3898 pietate,
1250 3830 1349 3883 deindo
1369 3848 1418 3901 pro
1429 3849 1479 3900 pa·

397 3902 460 3964 tria,
478 3908 535 3952 tum
552 3916 602 3969 pto
621 3900 781 3969 imperatore
800 3907 831 3950 ut
842 3907 923 3951 uncto
940 3915 1016 3951 servo
1033 3898 1145 3964 domini,
1163 3911 1297 3970 postremo
1315 3919 1362 3971 pro
1380 3906 1481 3971 cogna-

397 3971 435 4022 tis
453 3979 482 4024 et
497 3971 598 4022 omisis.
623 3969 736 4040 quodsi,
753 3969 863 4033 iratres,
883 3984 932 4039 pro
959 3986 1014 4022 nna
1033 3967 1127 4022 harum
1146 3980 1264 4042 quatuor
1281 3971 1482 4025 resomdeees·

397 4049 455 4093 τετε
483 4057 569 4111 usque
600 4040 635 4091 ari
671 4057 764 4092 necem
790 4039 937 4102 debemus,
960 4041 1046 4092 multo
1071 4041 1171 4108 magis,
1197 4050 1229 4095 ut
1259 4043 1366 4113 liquido
1397 4060 1482 4113 spa·

399 4119 459 4172 ret,
507 4127 536 4162 ro
557 4111 599 4162 lais
625 4112 750 4163 omnibus
775 4120 886 4164 mortem
914 4126 970 4162 non
996 4111 1189 4167 recusabimus.
1212 4114 1235 4164 si
1252 4122 1363 4183 propter
1380 4061 1481 4167 delicta

399 4197 459 4235 mea
497 4195 544 4232 eus
565 4183 702 4232 victoriam
729 4183 816 4250 impiis
840 4183 1020 4243 concesserit,
1043 4182 1071 4234 in
1099 4193 1189 4235 sancto
1207 4182 1259 4235 lide
1279 4193 1381 4248 nostro,
1399 4202 1480 4254 quarn

398 4251 519 4305 Christus
536 4252 664 4320 sanguine
687 4270 735 4306 suo
762 4252 840 4307 nobis
856 4254 977 4326 paravit,
995 4253 1194 4323 periclitamur:
1219 4254 1248 4306 tt
1266 4255 1481 4326 quodomnium
