3392 5238
380 410 460 505 ¹7⁶
683 418 855 482 ououuu
884 412 1125 481 Puuuurziu

372 572 446 631 σίαν
466 569 675 652 τετρακοσίων
697 565 787 650 ἑγγός
809 561 870 652 η’δη
889 571 946 631 καί
963 567 1075 650 χιλίων
1093 562 1327 654 παρῳχηκότων
1351 565 1457 628 ε’νιαυ·

371 669 435 730 τῶν
463 663 510 731 ἔτι
535 667 591 749 ζῆν
619 666 828 751 όπειλὴφατες
861 666 1016 732 άδόνατον
1043 665 1113 749 γάρ.
1163 667 1195 729 εἰ
1226 667 1255 727 δ’
1283 665 1458 727 άποθανεῑν

372 763 504 850 φαίητε,
525 767 645 847 ψεῦδος
673 756 771 841 αδθις
794 768 966 852 περιφανὲς
992 765 1089 829 αότὸν
1110 758 1188 829 εἶναι
1215 763 1270 826 τόν
1293 762 1457 826 Μεσσίαν·

372 858 448 929 uiti
470 862 531 946 γάρ
547 862 659 941 Ἠλίας
678 856 786 950 η’λθεν,
810 856 854 939 uic
874 888 983 950 φασιν,
1010 858 1105 928 οότόν
1118 865 1302 946 γεννηθέντα
1320 859 1460 943 gotum?

372 960 559 1042 όβασιλεός
590 962 777 1046 δποιιριθεός
805 959 1019 1045 “πλανάσθε,
1047 960 1147 1041 Ξένε,
1179 960 1223 1044 μη
1254 960 1371 1033 εἰδότες
1399 958 1485 1034 utre

369 1059 497 1147 γραφάς
529 1062 611 1146 μηδὲ
637 1061 693 1147 την
726 1061 863 1144 δόναμιν
889 1065 947 1126 ros*
976 1066 1073 1127 θεοῦ·
1114 1060 1210 1144 ’ἥξειν
1239 1064 1298 1140 μὲν
1317 1057 1377 1141 γάρ
1402 1056 1458 1122 τόν

372 1162 526 1245 Θεσβδτην
547 1159 660 1227 Ἠλίαν
690 1160 747 1226 καὶ
775 1166 898 1245 λέγεται
927 1164 984 1226 καί
1016 1157 1221 1237 πιστεύεται,
1254 1162 1311 1222 ουίι
1339 1157 1394 1222 tut
1418 1156 1454 1221 τό

370 1258 485 1343 χρῖσαί
498 1283 536 1343 γε
561 1259 626 1344 μην
656 1258 709 1327 τόν
735 1259 864 1344 κόριον·
925 1263 996 1325 αλλ’
1031 1262 1158 1343 ἐπείπερ
1188 1256 1357 1322 α’πόκειταδ
1386 1280 1456 1320 τινα

369 1362 558 1443 γεννηθῆναι
576 1360 721 1445 μυσαρὸν
743 1352 913 1443 ἄνθρωπον
934 1361 969 1424 ἐκ
989 1362 1196 1442 τοῦγένους,
1228 1352 1272 1433 ιός
1307 1357 1393 1439 φασδ
1408 1379 1456 1419 τι·

369 1480 439 1540 νες,
467 1459 529 1523 τάν
542 1456 713 1542 Ἑβραιίον,
732 1462 838 1525 πᾶσαν
862 1459 896 1524 όν
916 1455 1018 1546 ἑαυτῷ
1041 1454 1205 1549 δεξόμενον
1229 1460 1288 1519 τοῦ
1304 1453 1456 1536 διαβόλου
1469 1478 1505 1518 ιο

370 1553 428 1640 τη“ν
448 1557 617 1640 ἐνέργειαν,
638 1557 695 1622 uni
712 1568 815 1623 ποιεῖν
836 1560 877 1622 δι’
901 1560 997 1642 αδτῆς
1018 1566 1134 1640 σημεῖα
1157 1554 1212 1620 καὶ
1229 1557 1364 1638 τέρατα,
1384 1551 1459 1618 θεόν

372 1649 486 1720 ἑαυτόν
506 1654 711 1741 καόΧριστόν
732 1656 933 1740 ὀνομάζοντα,
960 1653 1044 1721 άστε
1063 1654 1106 1741 μη
1131 1656 1227 1737 μόνον
1238 1651 1374 1728 ιιολλυός
1395 1657 1459 1717 τοῖν

371 1753 435 1820 τότ’
459 1745 558 1820 όντων
587 1759 785 1842 πλανηθῆναι
802 1758 1022 1841 Χριστιανῶν,
1054 1753 1134 1820 ἀλλά
1156 1753 1192 1819 τό
1215 1754 1459 1834 καταλελειμμέ-

317 1863 353 1920 tt
372 1875 425 1919 νον
445 1851 548 1937 όλδγον
578 1859 674 1940 μέρος
698 1858 757 1920 τοῦ
781 1858 892 1939 γένους
920 1858 984 1919 τῶν
1007 1854 1169 1922 Ἰουδαίων
1199 1844 1267 1937 ἤτοι
1286 1849 1399 1925 ἔθνους
1418 1854 1460 1937 τῇ

372 1951 473 2041 πλάνη
494 1958 554 2018 τοῦ
567 1956 771 2039 α’ντιχρόστου
784 1959 985 2042 συναπαχθῇ,
1007 1949 1093 2039 ἥξειν
1115 1956 1197 2039 φασδ
1217 1955 1386 2036 τηνικαῦτα
1406 1948 1458 2015 τόν
1470 1949 1507 2014 15

368 2076 402 2119 τε
416 2052 532 2119 Ἦλιάν
553 2056 610 2118 καί
627 2052 725 2136 Ἐνοόχ
744 2057 998 2135 ἀπεσταλμένους
1029 2051 1092 2117 ainsi
1117 2052 1196 2117 θεοό
1216 2050 1381 2133 σπλάγχνα
1411 2050 1458 2114 σι’·

369 2156 507 2236 ιιτιρμοόν
530 2149 689 2235 λαβόντος,
711 2153 838 2234 διδάξαι
858 2177 892 2218 τε
912 2157 968 2217 ιιαί
986 2156 1175 2236 ἐπιστρέψαι
1195 2147 1267 2227 τοός
1288 2143 1460 2225 κάλλους

368 2256 424 2316 ιιαί
443 2250 482 2337 δη
503 2250 538 2317 τό
559 2252 760 2333 ταλαίπωρον
781 2258 845 2317 τοόν
860 2252 1013 2335 Ἑβραίων
1036 2249 1128 2327 ἔθνος
1150 2252 1195 2325 εἰς
1216 2250 1273 2336 την
1292 2252 1350 2314 τοῦ
1375 2251 1459 2330 Χρι-

370 2352 458 2431 στοῦ,
479 2349 597 2414 ταδτόν
619 2354 656 2415 δὲ
679 2355 777 2415 εἰπεῖν
789 2350 903 2435 εἰςτην
922 2356 978 2435 τῆς
1001 2350 1092 2435 άγόας
1111 2347 1239 2437 τριάδος
1261 2352 1383 2430 πίστιν,
1402 2352 1456 2414 ἳνα

369 2446 416 2533 μη
440 2448 476 2513 τό
502 2451 631 2529 σύμπαν
662 2448 725 2513 sini
754 2450 812 2515 τοό
840 2450 992 2530 διαβόλου
1021 2452 1228 2533 καταποθτίη.
1271 2450 1302 2512 εἰ
1321 2446 1381 2531 γάρ
1401 2446 1457 2511 καὶ
1464 2466 1507 2508 ao

371 2549 425 2612 riui
446 2548 500 2613 τόν
519 2552 565 2625 εἰς
583 2550 636 2613 τόν
658 2547 801 2634 Χριστόν
837 2550 935 2634 φόνον
952 2547 1093 2633 ἐχθροός
1114 2546 1248 2623 inarmis
1268 2548 1457 2630 εἰργάσαντο

370 2648 426 2712 τοῦ
445 2652 523 2712 θεοῦ
543 2652 598 2713 eoi
615 2652 672 2714 rori
683 2647 883 2731 ευάγγελιόυ,
905 2650 972 2713 ἄλλ’
992 2651 1153 2732 α’γαπητοί
1169 2649 1232 2713 εἰσι
1256 2645 1311 2712 διά
1332 2643 1390 2730 την
1409 2647 1456 2720 εἰς

370 2743 446 2822 τοός
469 2750 607 2832 πατέρος
621 2749 725 2813 αότῶν
744 2750 803 2812 τοῦ
823 2751 904 2812 θεοῦ
921 2748 1053 2833 ἀγάπην.
1097 2747 1153 2824 οός
1173 2750 1233 2830 μὲν
1253 2740 1310 2811 οδν
1331 2740 1414 2810 οἶδεν
1435 2743 1454 2830 ἦ

440 2931 466 2967 a.
486 2916 589 2988 φατεΡ
673 2920 698 2973 5.
719 2914 905 2989 δπδτρισιςΡ
996 2918 1035 2984 ιδ.
1057 2915 1117 2985 ἢτοι
1133 2917 1182 2973 τοῦ
1199 2915 1338 2977 larome

371 3077 469 3141 potest
491 3070 533 3122 sin
553 3080 642 3125 autern
662 3080 796 3125 mortuum
813 3089 874 3123 euro
893 3088 951 3124 esse
979 3070 1090 3135 dicatis,
1107 3072 1159 3124 hor
1176 3088 1264 3124 rimus
1281 3069 1454 3121 manifestum

371 3141 539 3194 mendacium
557 3144 616 3205 erit,
628 3161 688 3195 eum
699 3145 823 3195 Messinm
844 3160 911 3195 erse.
926 3159 1016 3214 neque
1035 3145 1106 3195 enirn
1120 3145 1193 3195 Elias
1211 3143 1298 3204 venit,
1319 3150 1349 3192 ut
1367 3140 1454 3202 aiunt,

370 3222 463 3265 natum
474 3212 627 3266 uncturus?
647 3214 813 3285 respondem
825 3217 972 3285 imperator
987 3213 1108 3277 “erratir,
1118 3214 1216 3285 inquit,
1227 3215 1310 3273 Xeno,
1322 3212 1451 3279 ignoran-

370 3293 411 3335 tes
431 3285 535 3336 litteras
556 3293 584 3336 et
600 3286 748 3354 potentiam
768 3285 822 3337 dei.
847 3293 976 3337 venturus
997 3286 1068 3336 enim
1091 3301 1150 3337 esse
1168 3285 1238 3336 Elias
1260 3283 1405 3336 Thesbites
1425 3289 1454 3333 et

371 3355 470 3407 dicitur
485 3364 513 3407 et
531 3354 656 3418 creditur,
675 3374 729 3408 non
749 3365 840 3408 tamen
867 3355 1005 3408 dominum
1024 3363 1167 3420 uncturus3
1187 3354 1235 3406 sed
1252 3355 1315 3424 quia
1334 3354 1453 3405 futurum

371 3436 420 3489 est,
438 3435 468 3477 ut
484 3436 608 3478 nascatur
633 3426 714 3478 horno
736 3427 906 3479 exsecrabilis
935 3443 968 3478 ex
988 3435 1076 3493 gente,
1095 3435 1125 3477 ut
1144 3422 1253 3496 quidam
1271 3425 1377 3487 rolant,
1396 3423 1452 3475 He·

369 3484 523 3560 orreorum,
542 3498 588 3567 qui
615 3514 722 3550 omnem
741 3506 903 3568 potestatem
927 3496 1029 3549 diaboii
1054 3496 1169 3548 habebit
1188 3506 1216 3549 et
1231 3514 1282 3569 per
1301 3512 1358 3548 eam
1377 3497 1454 3564 rigna

371 3576 399 3619 et
416 3577 539 3638 portenta
565 3569 674 3632 efficiet,
701 3567 781 3620 ‹ieunr
805 3586 835 3621 se
859 3577 887 3620 et
910 3567 1043 3620 Christum
1065 3569 1215 3630 nominans,
1243 3576 1347 3619 utnon
1364 3565 1452 3618 solum

370 3641 451 3691 muiti
470 3639 681 3692 Christianorum
699 3640 921 3692 tuncvirentium
941 3640 1051 3691 erraturi
1070 3640 1131 3699 rint,
1152 3637 1298 3691 sedetiam
1340 3652 1389 3688 uae
1410 3652 1455 3687 re-

372 3710 483 3762 stabunt
501 3711 612 3778 exiguae
638 3711 770 3780 reliquiae
795 3710 954 3762 iudaeorum
977 3709 1127 3761 antichristi
1157 3709 1231 3761 iliius
1249 3655 1383 3760 erroriims
1403 3707 1454 3757 ab·

373 3779 512 3850 ripiendae
533 3782 602 3843 sint,
626 3791 752 3834 venturos
779 3781 829 3833 iiio
847 3791 900 3834 tem
923 3799 969 3833 ore
996 3782 1072 3832 siunt
1093 3781 1180 3844 Elium
1203 3789 1231 3831 et
1250 3778 1350 3840 Enoch,
1367 3795 1382 3829 a
1400 3776 1452 3828 deo

372 3850 553 3903 misericordia
571 3862 704 3905 commoto
721 3853 827 3913 missos,
848 3860 878 3903 ut
895 3798 1011 3903 <socrant
1022 3860 1050 3903 et
1070 3869 1153 3921 quum
1170 3852 1237 3902 aiios
1255 3859 1312 3902 tum
1330 3851 1453 3900 miseram

373 3921 553 3974 Hebraeorum
577 3926 714 3976 nationem
738 3923 771 3975 ad
794 3925 928 3977 Christum
954 3931 1120 3985 convertant,
1146 3930 1194 3973 aut
1211 3921 1285 3991 qarod
1304 3920 1376 3973 idern
1396 3927 1452 3980 est,

373 3990 407 4042 ad
428 4002 533 4063 sanctas
554 3995 680 4047 trinitatis
700 3994 798 4053 iidem,
823 4011 859 4047 ne
886 4003 944 4045 tota
970 4010 986 4043 a
1010 3992 1119 4045 diabolo
1146 3992 1327 4044 absorbeatur.
1347 3990 1453 4042 etiamsi

268 4070 274 4087 ·
374 4061 445 4113 euim
474 4074 584 4132 propter
612 4066 720 4117 caedem
745 4067 774 4119 in
794 4065 928 4118 Christum
959 4066 1054 4116 saetam
1082 4072 1167 4115 semet
1192 4063 1237 4114 dei
1264 4072 1292 4114 et
1320 4061 1454 4130 evangeiii

373 4131 465 4184 hostes
498 4136 626 4197 iecerint,
662 4145 756 4188 tameat
781 4138 834 4187 cari
865 4134 917 4187 deo
942 4144 1005 4187 sunt
1031 4144 1141 4205 propter
1163 4135 1317 4193 caritatem,
1346 4150 1399 4202 qua
1429 4132 1453 4182 ir

373 4220 464 4254 rorum
483 4214 571 4273 putres
591 4206 729 4274 ampiexus
747 4216 795 4258 est,
824 4222 891 4276 quos
910 4206 992 4273 igitur
1011 4205 1180 4276 providentia
1199 4204 1288 4256 ‹iirina
1306 4205 1453 4273 poeniteu-

373 4274 438 4326 tiam
456 4285 619 4328 avrrsaturor
637 4294 694 4329 esse
713 4279 798 4339 novit,
817 4294 863 4330 eos
881 4276 1009 4329 deseruit:
1034 4294 1103 4347 quos
1124 4286 1213 4329 autern
1233 4276 1350 4327 diuinam
1370 4290 1453 4327 evan-
