3402 5222
613 430 689 491 ιιιι.
704 432 759 492 ιιι.
791 427 879 495 ete.
901 435 956 497 ιιι.
1103 474 1109 487 .
1245 405 1328 491 253

242 600 307 665 τρηι
331 575 494 666 Ρουλιάνιρ
525 574 623 662 έδάθη
652 578 704 642 ἵνα
732 581 874 667 φυλάττῃ
897 581 930 644 έν
952 588 1017 655 τοῖς
1036 584 1148 664 μέρεσι
1165 587 1222 649 τοῦ
1243 589 1330 653 Βου-

244 681 404 752 κολέοντος
429 681 484 740 καί
506 671 584 759 άχρι
613 676 705 761 έγγάς
730 683 787 743 rori
808 683 1051 761 Κοντοσκαλίσυ,
1075 685 1119 767 τῷ
1142 684 1178 748 δέ
1192 682 1328 772 Ἰακώβῳ

244 778 428 863 Κονταρίνιρ
449 777 500 839 ἵνα
520 777 660 863 φυλάττῃ
684 776 723 840 τά
744 780 826 861 μέρη
848 780 911 841 τῶν
930 781 1044 860 τειχῶν
1063 782 1122 843 rori
1143 776 1261 858 ἔξωθεν
1280 789 1329 847 λι-

242 880 336 956 μένος
357 875 412 939 καί
430 877 490 950 ἕως
510 873 602 958 ἑγγάς
622 881 683 940 τῶν
702 877 918 957 Ὑψωμαθίων
940 878 1011 960 (καί
1030 877 1070 940 ου’
1089 879 1209 943 διέλιπε
1229 889 1330 945 ποιεῖν

215 972 280 1040 ieri
303 971 365 1039 ὅσα
388 972 489 1054 ἔξεστι
509 971 726 1056 στρατιώταις,
748 979 804 1040 καί
823 974 965 1057 μάλιστα
983 984 1047 1051 τοϊς
1066 971 1234 1063 eriperent),
1249 982 1328 1043 Mu-

243 1075 342 1157 νουηλ
365 1076 401 1139 δέ
429 1080 473 1160 τῷ
504 1076 538 1138 έκ
558 1078 615 1159 τῆς
636 1077 816 1160 Λιγουρίας
840 1075 1012 1162 φυλάττειν
1031 1074 1070 1142 τά
1091 1083 1173 1163 μέρη
1193 1084 1248 1162 τῆς
1267 1083 1328 1144 πά-

243 1180 299 1257 λης
330 1175 383 1256 τῆς
412 1177 579 1258 λεγομένης
606 1178 730 1257 χρυσῆς
758 1173 836 1256 μετά
860 1174 1029 1240 διακοσίων
1049 1176 1175 1263 ᾆνδριάν
1194 1176 1328 1257 τοξόταν

242 1278 347 1337 τεκαί
363 1277 614 1354 μπαλαιστράν·
657 1269 743 1356 εἶχον
761 1272 821 1356 γάρ
838 1278 872 1340 έν
891 1276 996 1363 έκείνηυ
1017 1280 1060 1364 trgi
1079 1281 1170 1360 μέρει
1188 1275 1328 1343 ἑλέπολιν

242 1372 395 1451 ἐναντίαν,
417 1375 472 1437 καί
492 1370 593 1455 αδτην
613 1371 690 1453 μετά
712 1371 879 1455 βουβάλων
899 1372 956 1439 καὶ
974 1377 1058 1456 βοάν
1078 1379 1179 1456 δοραῖν
1199 1375 1328 1443 ἐνδεδυ·

197 1491 234 1532 ro
241 1472 349 1554 μένην,
370 1469 425 1534 καί
443 1467 481 1535 τά
502 1474 588 1556 τείχη
611 1470 692 1552 μετά
712 1475 866 1555 μηχανῶν
886 1471 1028 1539 ἔτυπτον.
1049 1472 1173 1564 Παάληι
1193 1479 1252 1557 μέν
1273 1480 1357 1547 eain

242 1568 394 1658 Ἀντωνάρ
422 1568 478 1633 κατ’
500 1574 628 1658 Τρωιλην
656 1580 721 1644 τοῖς
741 1572 954 1656 ατίταδέλφοις
974 1571 1172 1658 άμπισττάθη
1191 1575 1244 1639 ἵνα
1265 1600 1327 1661 ‹pu-

242 1668 380 1732 λάττωσι
399 1666 433 1733 τά
456 1668 677 1753 Μυριανδρον,
696 1668 774 1733 ὅπου
792 1673 846 1735 καί
877 1674 911 1735 έν
932 1671 1058 1749 ἐκείνοις
1079 1683 1144 1750 τοῖς
1162 1676 1291 1759 μέρεσιν
1308 1673 1327 1758 ἢ
1402 1700 1406 1709 ·

158 1783 162 1787 ’
242 1770 333 1844 πόλις
354 1759 392 1852 ἦν
421 1769 632 1850 ἐπικίνδυνος,
661 1773 715 1832 καί
743 1768 854 1845 νυκτὸς
888 1774 944 1834 καί
965 1770 1083 1855 η’μὲρας
1110 1773 1203 1851 πεζοί
1219 1796 1252 1837 τε
1272 1774 1328 1838 καὶ

242 1864 373 1932 ἱππόται
403 1870 460 1931 τοῦ
489 1865 630 1952 πληθους
656 1873 720 1947 τοῖν
753 1865 900 1951 Τοάρκων
921 1871 1077 1951 ἐμάχοντο
1103 1873 1253 1953 γενναίως
1272 1872 1329 1937 κατ’

140 1994 143 1997 ·
193 1965 405 2047 ιὸάνδρείως,
426 1969 481 2031 καί
497 1963 647 2042 πολλάκις
666 1973 720 2031 καί
749 1966 789 2031 τά
813 1970 900 2053 τείχη
927 1964 1126 2051 χαλάσαντες
1146 1971 1202 2033 κατ’
1218 1973 1328 2035 θέλον·

239 2089 293 2142 τες
312 2067 466 2137 εἰσελθεῖν
486 2069 589 2140 κακῶς
603 2066 863 2150 άπεδιιάχθησαν,
881 2066 936 2130 κατ’
948 2065 1044 2153 φόνον
1065 2068 1113 2143 εἰς
1132 2062 1251 2143 αδτοάς
1270 2069 1328 2133 σδκ

240 2158 344 2248 ὀλίγον
364 2167 501 2244 ἐποίουν,
520 2170 575 2228 καί
596 2165 693 2250 μέρος
713 2168 772 2246 μὲν
791 2167 853 2229 τάν
871 2162 1031 2246 κλιμάκων
1046 2166 1151 2231 αδτσῖν
1170 2163 1233 2231 ἔσω
1252 2164 1327 2232 ἔσυ-

238 2361 364 2445 μνημης
384 2364 514 2427 αἰωνίου
535 2359 679 2446 άπῆρχον
702 2356 784 2441 άξια.
826 2367 967 2451 θεοφιληι
987 2365 1022 2427 δέ
1046 2366 1088 2450 τῷ
1103 2363 1325 2454 Παλαιολάγιη,

188 2462 333 2543 nocivior*
351 2464 491 2550 ἐμπείρῳ
515 2457 617 2547 πάσης
635 2466 855 2547 γραμματικῆς
875 2460 1090 2545 πραγματείας
1112 2464 1166 2526 καί
1185 2466 1241 2548 τῆς
1257 2463 1326 2530 Ἔλ-

239 2554 528 2644 ληνικηςπαιδείας
546 2563 602 2627 καί
615 2565 837 2646 μαθηματικῆς
857 2563 902 2637 εἰς
923 2552 1020 2645 άκρον
1040 2564 1237 2651 γευσαμένῳ,
1258 2564 1326 2628 ένο-
1439 2562 1441 2565 ’

239 2646 405 2744 πιστεδθη
418 2657 586 2745 φυλάττειν
616 2659 697 2724 κατά
719 2659 757 2725 τά
775 2662 857 2744 μέρη
887 2663 942 2743 τῆς
962 2657 1062 2744 πάλης
1081 2660 1137 2743 τῆς
1160 2663 1327 2746 λεγομένης

239 2758 428 2843 Σηλυβρίας.
471 2765 515 2848 erpi
539 2762 574 2825 δέ
596 2756 719 2848 Ἰωάννη
744 2762 788 2847 τῷ
808 2760 1020 2847 Ἰουστινιανιηῖ
1040 2760 1085 2850 τῷ
1106 2758 1208 2824 αὑτοῦ
1228 2784 1327 2844 arpa·

312 2937 335 2988 3.
351 2934 417 3008 roi}
438 2936 494 2991 τῶν
511 2937 530 2989 Ρ
599 2937 624 2989 8.
642 2935 805 2990 παλαιστῶν
825 2936 843 2987 Ρ
909 2952 946 2986 ιι.
966 2934 1147 3003 λνεπιστεὺθη
1165 2933 1260 2997 αδτσῐς
1275 2937 1326 2990 rori

312 3008 497 3077 ιγιιλάττεινΡ
607 3023 643 3060 ιο.
661 3014 707 3060 καὶ
726 3017 754 3061 ct
777 3017 836 3066 τοῖς
853 3009 951 3077 μέρεσι
968 3009 1049 3059 omP
1138 3011 1175 3077 ιδ.
1193 3008 1323 3067 έππελςλ)

315 3082 354 3131 ri.
373 3076 507 3149 συχνάκις
523 3078 543 3131 Ρ
633 3081 672 3132 ι6.
695 3075 935 3149 άπεκροδσθησαν
953 3079 973 3130 Ρ

239 3238 360 3292 coieouis
378 3257 462 3310 prope
479 3238 515 3292 ad
533 3239 731 3293 Contoecaliurn
748 3256 834 3309 neque
860 3237 961 3291 tuentia
979 3236 1041 3290 data
1062 3245 1111 3291 eat.
1133 3235 1233 3289 iacebo
1251 3236 1323 3290 Con·

240 3311 327 3362 tarino
345 3312 415 3363 mirri
440 3311 580 3363 exterioris
600 3320 693 3379 portus
715 3327 799 3380 neque
828 3309 867 3373 ad¹
885 3308 1077 3380 Hypromathia
1104 3307 1237 3361 committi
1261 3312 1323 3378 (aec

238 3380 263 3432 ir
283 3382 404 3448 neglexit
421 3382 518 3445 facere,
536 3380 670 3452 qaudquid
682 3382 790 3441 militer,
804 3389 927 3432 strenuo·
939 3381 1104 3449 praesertim,
1123 3378 1212 3430 fucere
1222 3376 1321 3463 decet).

238 3451 360 3503 Mauueli
380 3453 472 3521 Liguri
486 3461 563 3521 porta
583 3469 665 3506 auree
682 3469 753 3523 quae
771 3451 870 3505 dicitur
892 3469 951 3502 cum
970 3451 1112 3519 eegittariie
1130 3457 1159 3501 ct
1177 3447 1323 3500 sandiron-

238 3520 290 3573 bur
310 3522 434 3576 ducentis
460 3522 636 3575 custodienda
662 3523 762 3575 tradita
789 3531 838 3574 ert.
865 3522 1009 3574 eratenim
1027 3520 1091 3572 huic
1108 3521 1179 3590 parti
1196 3520 1321 3589 opposita

238 3590 383 3662 helepoiie,
404 3603 432 3646 et
448 3595 504 3662 ipso
523 3593 684 3645 bubulorum
703 3594 839 3663 boumque
852 3591 971 3663 pellibus
990 3593 1100 3653 induta,
1118 3607 1149 3641 ac
1165 3589 1234 3642 muri
1254 3606 1322 3661 que.

237 3663 379 3719 tiebuutur
395 3664 534 3716 mechinia.
577 3665 691 3726 Paulae,
710 3665 840 3715 Antoniae
868 3671 896 3715 et
920 3663 1047 3725 Troilua,
1075 3660 1170 3713 fratrer
1188 3660 1321 3729 germani,

237 3734 394 3801 Myriandro
414 3736 544 3805 praefecti
559 3744 630 3797 eunt,
650 3736 776 3804 qrruuiam
796 3733 834 3785 ibi
846 3749 957 3803 quoque
975 3731 1038 3784 urbe
1058 3732 1163 3801 gravina
1181 3729 1322 3784 laborabat

237 3813 267 3856 et
284 3804 329 3857 die
349 3815 485 3876 noctuque
501 3806 536 3858 de
553 3806 699 3857 Turcarmn
720 3805 837 3857 exercitu
858 3803 964 3873 pedites
984 3810 1012 3855 et
1040 3803 1145 3873 equites
1162 3810 1271 3854 strenue
1290 3816 1322 3855 uc

237 3873 345 3928 sortiter
366 3875 538 3945 pugnabant,
563 3876 687 3947 adeoque
714 3891 802 3945 caepe,
830 3873 972 3926 moenibue
999 3874 1153 3936 concussis,
1179 3874 1209 3925 ia
1227 3871 1322 3925 urbem

236 3955 379 4014 penetrare
399 3946 571 4000 nitebantur:
592 3963 660 4017 quoe
677 3956 768 3999 tamen
785 3944 855 3997 maie
867 3944 1032 4013 excipientes
1049 3943 1147 4007 nostri,
1165 3941 1274 3995 caedem
1294 3945 1323 3996 iu

237 4033 284 4068 eae
302 4034 359 4070 nou
376 4016 537 4069 mediocrem
559 4017 676 4069 edebant
706 4027 733 4069 et
754 4016 840 4068 reatae
859 4032 951 4067 eorum
965 4014 1061 4084 partim
1078 4015 1149 4066 intro
1171 4013 1323 4078 trahebant,

235 4088 333 4154 partim
348 4087 560 4155 ‹iiffruugebantz
582 4096 774 4157 mereaturque
803 4087 897 4138 barum
927 4086 1046 4137 virorum
1070 4086 1216 4138 certamina
1234 4094 1264 4139 et
1282 4104 1323 4138 ree

235 4167 326 4224 gestae
343 4167 480 4210 aeternam
499 4157 572 4227 apud
589 4168 710 4227 posteros
728 4159 891 4209 memoriam.
909 4155 1065 4225 Theophiio
1082 4156 1252 4227 ratumago,
1270 4156 1324 4208 ho·

235 4229 302 4279 mini
321 4229 457 4280 literarum
476 4238 504 4282 et
521 4231 607 4281 omnia
627 4231 744 4281 Graecae
763 4227 924 4280 eruditionis
949 4236 977 4278 et
993 4225 1196 4281 mathematicae
1215 4228 1323 4297 peritis·

235 4300 318 4363 eiuro,
338 4300 460 4352 custodia
479 4317 564 4370 prope
582 4309 696 4371 portum,
714 4316 783 4370 quae
802 4298 926 4368 Selybria
945 4297 1054 4361 dicitur,
1073 4296 1173 4353 tradite
1191 4308 1240 4351 eet
1279 4300 1322 4350 Io-
