3370 5242
602 439 680 499 un.
713 440 768 501 ιιι.
798 437 885 501 esu.
913 440 965 498 ιιι.
1222 406 1303 492 3οι

222 610 264 651 τα
281 582 498 667 despumante,
523 586 579 651 καί
596 584 659 649 sind
680 583 797 650 roricus
822 584 853 650 οἱ
873 586 1117 669 μλντρισχίλιοί
1134 588 1214 651 εἰσιν
1233 583 1311 667 α’λη·

222 690 293 763 θεῖς
316 681 346 749 ολ
367 688 403 749 di
426 685 528 769 ἕτεροι
550 687 690 766 ψευδεῖς.
712 686 854 751 είκοστιλν
882 683 986 767 τρίτον
1007 681 1058 748 ῦτι
1079 689 1113 749 έν
1132 686 1175 773 τῷ
1197 684 1309 772 βιβλίῳ
1317 695 1350 763 (ιη

223 788 266 872 τρλ
287 780 443 867 Κεραμάρ
467 808 565 870 φησιν
584 783 627 859 ὥς
646 780 754 866 ἔσχισε
774 784 831 868 την
854 781 984 870 σελήνην
1005 788 1050 860 εἰς
1071 784 1130 849 ῦῦο
1150 782 1320 868 sssq'ssssrss,¹

225 886 281 949 κατ’
303 881 338 948 τὸ
360 893 419 963 μὲν
440 880 538 966 ἥμισυ
558 881 622 947 αἰιῦ
653 884 773 948 τούτοιν
792 886 940 968 εἰσῆλθεν
966 886 1011 960 εἷς
1035 881 1092 948 τόν
1110 886 1231 966 χιτῶνα
1251 882 1311 946 αῦ-

197 987 294 1064 5τοῦ,
316 981 352 1047 τῦ
374 984 409 1047 δὲ
433 984 538 1067 ἓτερον
561 977 661 1069 ἥμισυ
682 980 793 1048 ἔπεσεν
815 987 861 1059 εἰς
879 982 937 1066 τὴν
954 984 1023 1067 γῆν,
1044 982 1099 1047 καί
1117 977 1214 1056 αῦθις
1232 982 1310 1043 sinu·

223 1087 412 1166 κατέστησεν
442 1081 543 1165 αῦτὴν
572 1078 667 1169 σηλαν.
712 1079 854 1147 εἰκοστὸν
882 1085 1031 1166 τέταρτον
1052 1077 1103 1145 ὅτι
1126 1077 1142 1146 ὅ
1162 1080 1238 1157 θεὸς
1257 1083 1313 1145 καί

224 1178 255 1246 ολ
283 1175 408 1265 ἄγγελοι
439 1173 587 1262 εῦχονται
616 1180 696 1265 ῦιιὲρ
722 1183 780 1246 τοῦ
807 1177 971 1262 Μωῦμεθ.
1014 1180 1149 1247 εἰκοστὸν
1169 1184 1311 1262 πέμπτον

223 1276 272 1345 ὅτι
290 1284 325 1347 ε“ν
345 1280 387 1368 τῷ
409 1278 571 1369 κεφαλαίῳ
592 1282 637 1366 τῷ
651 1280 813 1361 Ἐλμαῖῦῦ,
836 1275 911 1364 ὅπερ
932 1275 1139 1364 ἑρμηνεύεται
1159 1282 1310 1363 τράπεζα,

222 1377 267 1462 μή
288 1374 370 1445 εἶναι
389 1377 465 1454 τοῦς
481 1375 645 1463 Ἑβραιόιις
666 1383 722 1444 καί
743 1377 815 1455 τοῦς
837 1376 1049 1466 Χριστιανοῦς
1081 1377 1170 1457 οἱοῦς
1190 1381 1268 1443 θεοῦ
1289 1373 1311 1464 ἢ

177 1476 406 1567 renitescunt
428 1475 463 1543 τὸ
486 1476 697 1543 ιιαιῦεῦεσθοιι
717 1472 841 1556 αῦτοῦς.

309 1577 356 1644 Τὰ
379 1582 437 1644 τοῦ
455 1579 562 1661 τρίτου
583 1577 677 1660 λόγου
703 1575 862 1662 κεφάλαιά
885 1578 947 1642 εἰσι
965 1578 1076 1641 ταῦτα.
1117 1579 1241 1659 πρῶτον
1262 1570 1309 1641 ὅτι
1385 1635 1401 1643 -

221 1676 280 1742 οῦκ
304 1674 374 1742 ἔστι
400 1674 534 1741 δυνατὸν
553 1671 609 1741 τόν
627 1674 708 1739 θεὸν
728 1673 800 1739 υλὸν
832 1669 907 1739 durs
928 1673 1075 1759 γυναικὸς
1097 1673 1191 1757 ἔχειν.
1234 1675 1308 1739 desi.

220 1799 314 1861 τερον
333 1773 382 1840 ὅτι
405 1778 436 1841 εἰ
455 1773 526 1840 υλὸν
544 1770 631 1857 εἶχεν
649 1773 666 1838 ri
688 1773 777 1863 θεός,
799 1773 961 1856 σχίσματα
993 1769 1034 1841 οῦν
1056 1778 1193 1856 ἐγένοντο
1212 1777 1310 1855 μέσον

222 1877 337 1941 αῦτοῖν.
387 1867 571 1959 rusius-tin
591 1877 625 1939 ἐν
640 1876 683 1960 τῷ
711 1878 872 1962 κεφαλαίῳ
894 1877 938 1961 τῷ
956 1875 1089 1956 Ἐλνεσοῖ,
1110 1869 1187 1957 ὅπερ
1209 1870 1308 1958 ἒρμη.

176 1976 345 2043 ι5νεῦεται
358 1981 515 2056 γυναῖκες,
538 1971 626 2057 λόγον
646 1976 726 2037 θεοῦ
738 1972 794 2038 καί
812 1972 922 2057 ψυχὴν
940 1977 1021 2037 θεοῦ
1043 1970 1209 2054 cuiusuis
1230 1976 1311 2038 θεοῦ

221 2076 304 2156 λέγει
325 2068 405 2138 εἶναι
426 2071 480 2136 τὸν
502 2070 652 2158 Χριστόν.
693 2077 839 2156 τέταρτον
850 2068 901 2136 ὅτι
922 2074 1028 2156 ἕκτης
1045 2075 1208 2155 παρθένου
1230 2071 1308 2154 ὅμο-

220 2178 310 2256 λογεῖ
333 2174 536 2256 γεγεννῆσθαι
572 2169 626 2237 τὸν
646 2163 898 2255 Χριστόνῦνεο
917 2170 1046 2256 α’νδρός.
1099 2173 1241 2251 πέμπτον
1258 2167 1309 2236 tiss

221 2274 363 2356 α’ρνεῖται
393 2269 428 2335 τὸ
450 2270 504 2336 τὸν
523 2269 665 2356 Χριστὸν
685 2265 765 2335 εἶναι
794 2267 866 2336 υἱὸν
881 2274 960 2335 θεοῦ
980 2274 1034 2336 καί
1047 2266 1133 2353 θεόν,
1154 2269 1235 2335 ἄλλο’
1252 2271 1309 2336 καί

220 2369 280 2454 την
298 2371 411 2437 τοῦτον
432 2368 608 2453 σάρκωσιν·
650 2369 746 2453 ψιλὸν
768 2371 803 2435 δὲ
823 2370 921 2451 μόνον
943 2363 1111 2455 ῦνθροοιιον
1131 2372 1214 2453 λέγει
1234 2373 1309 2437 τοῦ·

173 2494 275 2536 εοτσν
295 2466 374 2534 κατὰ
400 2468 454 2534 cdv
476 2469 670 2555 Νεστόριον,
691 2464 780 2553 ἅγιον
801 2472 837 2552 di
860 2473 916 2534 καί
935 2469 1016 2554 ῦιιὲρ
1039 2469 1159 2545 πάντας
1181 2467 1308 2553 ῦνθριῦ-

219 2592 310 2644 πους.
352 2568 436 2634 “cros
462 2564 512 2633 ῦτι
535 2567 580 2651 μὴ
610 2572 834 2652 ἐσταυρῶσθαι
865 2568 919 2634 τὸν
939 2565 1091 2655 Χριστόν,
1113 2571 1179 2633 αλλ’
1200 2573 1308 2652 ἓτερον

220 2670 290 2732 α’ντ’
357 2674 434 2732 ι’νοιι.
484 2670 619 2752 ἕβδομον
650 2665 698 2734 ὅτι
725 2665 840 2744 ῦθεῦς
861 2667 915 2734 τὸν
935 2665 1076 2751 Χριστὸν
1095 2665 1174 2752 αρὸς
1194 2664 1308 2734 ἑαυτὸν

220 2771 470 2849 προσεκαλέσατο
493 2771 539 2845 εἰς
568 2766 642 2845 τοῦς
671 2764 843 2854 οῦρανοῦς,
872 2769 946 2851 περί
966 2767 1061 2834 δὲτὰ
1084 2771 1159 2852 τέλη
1179 2772 1236 2833 τοῦ
1255 2765 1307 2832 ssd·

220 2890 303 2948 σροοο
330 2867 438 2947 μέλλει
471 2864 662 2933 ἐλεύσεσθαι
695 2865 751 2932 καί
780 2865 978 2933 θανατώσειν
1003 2865 1060 2932 τὸν
1087 2865 1306 2950 ἀντίχριστοι,

171 2963 301 3047 nister&
324 2968 471 3032 δὲταῦτα
490 2970 545 3032 καί
563 2964 662 3033 αῦτόν
680 2963 736 3031 τῦν
748 2964 892 3052 Χριστόν
905 2960 1085 3032 οἷαοθανεῖν.
1127 2955 1237 3049 ὄγδοον
1256 2960 1307 3029 ὅτι

291 3141 317 3194 3,
335 3134 466 3216 κεραρίιμ
483 3142 503 3195 Ρ
590 3144 631 3196 16.
649 3141 697 3208 τῆς
715 3157 760 3194 om
778 3141 798 3194 P

221 3327 280 3375 sos,
299 3309 433 3381 equibus
453 3318 496 3363 ter
516 3310 704 3376 milletune,
728 3310 849 3380 reliques
867 3308 1010 3362 mendaces
1027 3310 1091 3362 sint.
1127 3309 1170 3361 st.
1190 3310 1217 3361 in
1236 3308 1304 3363 libro

221 3382 344 3435 Cersmsr
360 3390 468 3446 narrat,
493 3381 633 3434 discidisse
652 3400 681 3435 se
700 3382 791 3433 lunum
819 3382 849 3434 in
869 3382 923 3434 duo
942 3380 1087 3449 segmenta,
1104 3397 1216 3449 quorum
1235 3382 1305 3434 site·
1337 3430 1344 3447 ρ

222 3470 280 3504 rum
296 3453 410 3522 pallium
429 3470 507 3504 suurn
526 3454 694 3523 penetrarit,
712 3454 827 3504 alternus
854 3454 881 3503 iu
901 3461 997 3504 terrum
1017 3449 1167 3503 deciderit:
1204 3450 1303 3505 deinde

222 3523 334 3576 eandem
355 3526 383 3575 in
401 3522 546 3593 pristinum
563 3532 660 3576 statum
680 3524 836 3575 restituisse.
874 3524 916 3588 ni.
930 3521 1010 3574 deum
1027 3530 1056 3574 et
1073 3521 1182 3590 angelos
1201 3523 1304 3590 precari

220 3611 271 3664 pro
290 3594 453 3647 Mohsmcte.
486 3596 534 3647 125.
554 3595 584 3646 in
601 3595 688 3679 capite
707 3593 831 3646 Elmaidn
850 3592 877 3644 h.
897 3611 921 3645 e.
942 3608 1035 3645 mensa
1054 3592 1149 3655 ducet,
1168 3592 1304 3647 Hebraeos

221 3674 250 3718 et
267 3665 432 3717 Christianos
451 3682 506 3717 non
524 3682 582 3718 csse
599 3664 644 3716 des
663 3665 732 3716 filios
749 3673 797 3716 aut
813 3664 920 3728 amicos,
942 3664 1006 3732 quin
1025 3661 1184 3714 educentur.

291 3735 366 3789 Libri
385 3734 459 3788 tertii
477 3737 564 3806 capitu
581 3734 648 3787 haec
665 3743 736 3788 sunt.
784 3751 806 3785 ι.
825 3733 906 3787 dcusn
930 3735 1015 3785 filium
1034 3732 1133 3785 habere
1151 3750 1206 3786 non
1225 3751 1305 3805 posse

220 3809 279 3859 sine
302 3807 413 3859 icmins.
450 3823 475 3858 2.
501 3808 523 3859 si
549 3807 635 3859 filiurn
653 3805 719 3858 deus
734 3802 859 3867 haberet,
880 3804 993 3856 dissidia
1014 3805 1087 3857 inter
1105 3820 1150 3856 cos
1171 3805 1238 3856 sore.
1275 3804 1302 3857 3.

219 3879 249 3929 iu
267 3878 355 3947 capite
376 3877 472 3930 Einesn
491 3876 518 3928 h.
539 3894 562 3929 e.
584 3878 720 3940 mulieres,
739 3875 848 3927 verbum
866 3874 911 3926 dei
930 3884 958 3926 et
974 3876 1091 3927 snisnrm
1110 3875 1154 3927 dei
1174 3884 1202 3927 et
1223 3875 1305 3944 spiri-

219 3957 276 4001 tum
294 3947 340 3999 dei
358 3946 494 4001 Christum
511 3965 570 4001 esse
589 3949 664 4000 dicis
701 3950 726 4016 4.
746 3963 761 3999 e
786 3946 890 4013 virgins
910 3948 967 3997 sine
984 3947 1041 3997 viro
1060 3945 1195 3999 Christum
1212 3955 1307 3999 natum

220 4035 278 4072 csse
299 4020 442 4071 consentit
479 4023 505 4073 5.
523 4028 613 4089 negst,
626 4018 762 4070 Christum
780 4033 838 4069 esse
851 4024 900 4068 nut
916 4015 959 4068 dei
973 4016 1067 4080 tilium,
1086 4025 1134 4069 aut
1151 4016 1240 4082 deum,
1258 4025 1306 4070 sut

198 4088 207 4097 ’
219 4090 434 4143 incarnationem
453 4090 526 4156 κίεις
544 4090 592 4143 sed
605 4089 678 4141 nude
693 4106 753 4140 eum
765 4087 900 4140 hominem
911 4103 970 4139 esse
982 4086 1056 4150 dicit,
1076 4089 1146 4140 sicut
1154 4088 1304 4152 Nestorius,

219 4169 248 4213 nt
265 4168 384 4213 sanctum
403 4162 479 4212 iilum
498 4168 562 4212 ente
575 4176 669 4212 ornnes
686 4158 816 4211 homines.
853 4158 879 4209 6.
899 4175 954 4210 non
964 4157 1097 4210 Christum
1107 4160 1179 4210 cruci
1201 4158 1306 4211 affixum

220 4247 289 4293 esse,
309 4230 458 4283 sedulium
477 4231 537 4283 loco
558 4232 624 4283 eius.
664 4249 688 4299 η.
709 4228 789 4282 deum
803 4227 839 4281 sd
854 4246 882 4281 se
900 4230 929 4281 in
948 4231 1024 4281 coela
1039 4247 1147 4282 vocasse
1159 4229 1303 4292 Christum,

219 4303 266 4373 qui
285 4310 376 4355 tamen
394 4301 445 4354 suh
463 4302 544 4356 finem
563 4301 658 4356 mundi
681 4302 815 4354 rediturus
834 4309 863 4353 et
887 4300 1073 4354 antichristum
1093 4302 1237 4365 occisurus,
1255 4299 1304 4352 de-
