3402 5222
551 408 624 468 mu.
640 408 696 468 ιιι.
727 406 816 471 cir.
837 411 878 476 ιι,
1206 379 1283 465 υ3ι

204 551 366 633 λοιολάγος
384 549 513 637 ὅμὲγας
528 553 802 637 στρατοπεδάρχης
825 551 944 642 α’κοάση
960 556 1060 637 τοῦτο,
1075 552 1290 640 τίγενήσεται,

204 648 237 715 εί
257 651 311 716 σοί
328 637 518 736 εὐεργετήσω
538 655 572 718 τά
595 657 738 718 τοιοῦτον
761 656 897 735 α’ξίωμα.
920 652 975 717 καί
995 657 1131 739 σήμερον
1153 654 1292 722 ἔστειλεν

204 746 242 812 ὃν
261 745 343 825 εἶδες
364 754 520 834 ἐξελθεῖν,
542 750 596 819 τάν
625 755 659 818 ἐν
680 753 818 836 σχήματι
839 757 894 818 καί
913 756 1031 842 θεωρίᾳ
1052 754 1226 838 ἐπιτήδειον
1248 759 1291 841 τῷ

204 850 241 912 δὲ
253 850 358 939 τρόπῳ
372 851 426 914 καί
440 854 492 917 νολΙ
508 846 654 936 ἄγροικον
672 854 726 915 καί
740 851 996 936 α’νωφελίστατον
1016 854 1179 918 ’Λντώνιον
1194 851 1290 938 ἱερέα,

175 945 302 1013 sottus
320 973 376 1029 μοι
397 950 448 1014 ἵνα
471 951 594 1033 τιμήσω
617 948 691 1027 τούς
712 949 916 1026 σκαιοτάτους
937 950 992 1015 καί
1012 950 1184 1025 ἀσυνέτους
1200 948 1292 1027 υὶοάς

201 1047 315 1130 αάτοῦ,
339 1046 394 1113 τάν
405 1053 464 1129 μὲν
473 1052 598 1132 πρῶτον
610 1052 710 1131 μέγαν
728 1052 905 1131 tororum,
927 1046 982 1113 τάν
1006 1051 1041 1113 δὲ
1064 1045 1211 1153 δεύτερον
1232 1053 1291 1131 μέ-

200 1169 260 1228 γαν
279 1145 511 1228 κοντὸσταυλον,
533 1148 603 1213 ἐπεί
622 1148 678 1211 καί
693 1145 768 1221 τούς
790 1151 928 1230 ἐσθῆτας
949 1150 1065 1223 ἐκεῖνος
1086 1140 1289 1232 άρχει,’ὃ’περ

201 1245 289 1308 ἐστίν
309 1242 329 1325 ἦ
350 1244 507 1329 ὑπηρεσία
526 1250 585 1309 τοῦ
606 1248 706 1308 αιίτοῦ
730 1244 894 1330 α’φφικίου.
937 1243 1046 1310 λοιπὸν
1065 1250 1145 1328 λέγω
1163 1245 1289 1329 ευέργε·

117 1366 124 1383 ·
200 1342 286 1425 τησω
309 1342 418 1419 αὐτοῖς
454 1338 535 1409 ἄλλα
558 1345 694 1430 σ’φφίκια
724 1343 805 1426 μετὰ
826 1345 945 1426 καιρόν,
967 1346 1005 1409 οὐ
1027 1347 1181 1429 τοσαύτης
1201 1346 1290 1424 άξίας

156 1438 304 1523 ιοὸμως,
334 1443 405 1507 ἄλλ’
432 1445 601 1509 ἐλάττονα·
644 1441 684 1507 σά
709 1447 743 1509 δὲ
771 1441 826 1530 ἔση
846 1442 909 1508 άπὸ
928 1448 984 1509 τοῦ
1005 1448 1062 1508 νῦν
1081 1449 1181 1526 μέγας
1199 1453 1289 1528 λογο-

199 1544 306 1624 θίτης.
345 1544 438 1605 τοῦτο
460 1544 496 1605 δὲ
516 1542 570 1606 καί
581 1539 674 1622 μόνον
689 1546 895 1626 παραγγέλλω
910 1566 974 1627 σοι,
997 1536 1046 1607 ὅτι
1068 1542 1122 1606 leri
1143 1542 1183 1607 τά
1205 1569 1288 1625 συμ-

200 1636 300 1718 βάντα
324 1643 382 1704 τοῦ
402 1645 515 1723 καιροῦ
534 1643 589 1705 καί
606 1639 664 1716 τάς
683 1640 880 1717 ποικιλαάδεις
892 1644 1020 1724 γνώμας
1040 1645 1105 1706 τῶν
1126 1640 1288 1726 ἀρχόντων

199 1739 255 1802 καί
272 1734 371 1815 άλλως
385 1740 488 1813 αἰτίας
508 1737 552 1823 μή
574 1737 803 1823 προσκυνήσεις
820 1764 862 1821 με
882 1744 928 1815 εἰς
947 1739 1147 1824 παράστασιν
1165 1738 1287 1826 ἑορτῆς,

200 1837 242 1913 ὥς
266 1835 368 1917 ἔξεστι
391 1840 438 1924 τῷ,
455 1838 596 1926 άφφικίιμ
610 1862 681 1920 σου,
704 1842 734 1904 εί
755 1838 799 1922 μη
824 1837 839 1904 ὅ
864 1844 1013 1922 Νοιαροῖς
1032 1837 1148 1922 γράψει
1164 1843 1199 1906 ἐν
1218 1849 1286 1937 ταῖς

153 1932 278 2019 ιὸπρός
297 1935 373 2012 τούς
389 1938 608 2022 αάταδέλφους
627 1960 690 2016 μου
712 1937 767 1999 καί
787 1934 845 2020 την
866 1936 1002 2019 άνειμιάν
1011 1959 1074 2017 μου
1096 1937 1154 2021 την
1174 1938 1286 2023 ῥ-ηγισ·

199 2059 259 2099 σαν
279 2038 472 2117 ἐπιστολαῖς,
493 2035 548 2098 καί
568 2035 676 2110 άπλαῖς
704 2034 784 2117 πρὸς
809 2033 927 2111 πάντας
946 2034 1002 2110 οάς
1022 2039 1127 2116 μέλλω
1148 2037 1286 2119 γράψειν

197 2136 345 2218 περὶτῆς
370 2137 471 2199 ἐκεῖσε
491 2137 679 2219 αἰιοδημίας,
705 2133 745 2199 σά
770 2136 805 2199 δὲ
826 2131 1032 2220 άυτιγράψεις
1051 2120 1145 2201 πάλιν
1163 2140 1286 2202 ἐκεῖθεν

197 2231 279 2316 πρός
295 2257 336 2313 με
368 2233 424 2298 καί
450 2233 529 2317 πρὸς
544 2232 672 2309 πάντας
696 2238 755 2299 τοῦ
776 2233 861 2300 οίκου
884 2258 954 2299 σου.
1005 2238 1037 2301 εἰ
1057 2234 1113 2299 καί
1131 2238 1165 2300 ἐν
1184 2234 1284 2326 τοάτιμ

196 2335 240 2420 τῷ
259 2336 344 2421 μέση)
378 2333 539 2398 οἷκοάσωσι
566 2332 595 2397 οἱ
618 2334 661 2416 μη
680 2336 837 2414 θέλοντες,
859 2337 915 2398 καί
937 2337 968 2399 εί
985 2334 1157 2419 φανήσεται
1177 2329 1284 2411 αὐτοῖς
1305 2352 1338 2404 52

146 2431 359 2516 τοαάστηρόν
390 2428 412 2516 ἢ
439 2432 568 2516 πικράν,
599 2436 745 2507 θέλοντες
775 2435 831 2497 καί
856 2430 902 2515 μὴ
923 2416 1070 2508 θ’ίλοντες
1088 2439 1283 2499 καταπίοισιυ

197 2525 306 2596 αάτό.”
345 2531 406 2614 ἐγώ
440 2533 475 2597 δὲ
497 2532 673 2616 ἀπεκρίθην
699 2535 743 2621 τῷ
763 2536 894 2613 βασιλεῖ
910 2535 1008 2615 λέγων
1021 2531 1151 2617 “κυ’ριος
1171 2531 1188 2597 ὃ
1207 2534 1283 2610 θεὸς

195 2628 470 2714 μακροημερεάσοι
497 2628 533 2695 τὸ
559 2628 683 2715 ,κράτος
702 2654 773 2695 σου.
825 2625 912 2712 ὅμως
941 2631 1090 2712 δεόμενος
1108 2634 1283 2713 παρακαλοῖ

195 2728 253 2815 την
273 2728 368 2813 οἱγίαν
396 2753 454 2794 σον
484 2730 668 2811 βασιλείαν,
700 2730 756 2795 ἐάν
784 2733 884 2818 μέλλῃ
909 2733 1070 2815 συμβῆναι
1097 2734 1138 2794 δι’
1168 2734 1224 2813 ε’μί
1250 2755 1283 2797 τι

266 2902 292 2940 2.
312 2884 453 2959 ὂφφίκιον
470 2887 487 2954 ἢ
504 2885 647 2961 άξίωμαΡ
698 2891 723 2942 3.
737 2885 922 2949 ίξελθάνταΡ
974 2905 1000 2958 7.
1020 2888 1108 2956 θηται
1124 2889 1283 2951 ίκείνουςΡ

264 2959 291 3012 8.
308 2959 486 3030 εὐεργετῆσαι
503 2961 523 3012 Ρ
614 2961 653 3011 ι6.
669 2961 762 3030 μέλλει
782 2961 896 3031 γράψαι
912 2961 932 3012 Ρ

196 3084 253 3130 ms,
276 3085 357 3138 quem
381 3079 523 3122 exeuntem
545 3070 655 3133 vidisti,
675 3069 771 3122 habitu
799 3078 829 3123 et
844 3069 934 3140 specie
952 3069 1097 3133 idoneum,
1113 3070 1233 3124 moribus
1253 3078 1283 3124 et
1359 3100 1364 3109 ·

197 3140 307 3207 ingenio
328 3140 466 3192 horridum
485 3150 513 3193 et
537 3141 687 3210 improbum
704 3142 850 3192 Antonium
874 3140 1048 3202 sacerdotem,
1068 3156 1171 3209 rugans,
1189 3149 1220 3193 ut
1237 3143 1281 3193 in-

197 3211 350 3279 eptissimos
367 3212 452 3280 ipsius
470 3220 498 3263 et
515 3211 627 3263 stolidos
645 3212 724 3273 iiiios,
745 3212 873 3263 maiorem
891 3227 1015 3279 magnum
1033 3210 1209 3278 logothetam,
1229 3212 1282 3262 mi·

195 3297 288 3332 norem
314 3296 440 3350 magnum
469 3282 669 3335 contostoulum
701 3299 803 3344 creem,
827 3299 908 3352 quum
932 3282 980 3332 ilie
1006 3283 1087 3332 etium
1113 3282 1280 3333 vestimentis

195 3353 312 3420 praesit,
336 3352 410 3423 quod
429 3353 567 3423 proprium
595 3353 653 3405 eius
671 3369 768 3404 munus
787 3362 836 3406 est.
868 3361 986 3405 ettamen
1005 3351 1165 3414 consentio,
1183 3368 1281 3421 proce-

196 3421 279 3475 dente
297 3431 418 3492 tempore
436 3424 561 3475 daturum
573 3440 615 3475 me
634 3425 667 3474 iis
687 3440 745 3475 esse
762 3423 816 3474 alis
835 3423 928 3485 officis,
945 3439 1001 3473 uon
1021 3424 1092 3475 tenti
1104 3431 1193 3474 tumen
1210 3439 1282 3491 pon-

196 3492 278 3555 deris,
293 3494 341 3545 sed
358 3495 474 3561 leviora,
491 3501 521 3545 tu
540 3502 630 3546 nutem
648 3493 746 3547 dehinc
760 3510 869 3561 magnus
887 3493 1026 3562 logotheta
1040 3493 1101 3544 eris.
1117 3508 1209 3544 verum
1229 3492 1282 3544 hoc

196 3580 281 3614 unum
300 3574 329 3616 te
347 3582 456 3627 moneo,
472 3573 503 3616 ut
522 3572 634 3633 propter
659 3566 787 3634 temporis
808 3572 903 3616 eventa
921 3572 950 3615 et
967 3565 1051 3615 varias
1071 3576 1212 3631 procerum
1230 3579 1282 3615 vo-

196 3634 314 3686 luntates
338 3635 461 3704 aliosque
485 3651 576 3686 causes
602 3636 631 3685 in
658 3635 788 3686 festorum
814 3633 918 3686 dierum
946 3632 1154 3686 solennitatibus
1179 3650 1214 3684 ne
1237 3648 1281 3686 me
1313 3680 1322 3699 ,

195 3720 245 3772 pro
262 3720 338 3756 more
366 3706 451 3757 oflicii
477 3706 517 3757 tui
548 3704 653 3756 adores.
673 3721 837 3776 quamquem
856 3706 978 3757 notarius
998 3705 1038 3756 rsi
1054 3706 1218 3755 mentionem
1238 3704 1282 3755 in-

195 3774 251 3826 eiet
266 3776 296 3826 in
311 3773 400 3827 literis
418 3774 452 3827 αιΙ
472 3776 567 3828 fratres
585 3792 658 3828 meos
680 3783 708 3828 et
732 3784 871 3842 cognatum
896 3791 982 3825 meum
1008 3775 1141 3843 reginem,
1162 3773 1282 3843 denique

195 3844 231 3896 sd
251 3862 359 3907 omnes,
380 3846 414 3897 ed
433 3862 501 3915 quos
520 3845 554 3898 de
571 3846 669 3898 itinere
686 3854 735 3897 tuo
753 3847 900 3914 scripturus
919 3862 987 3906 sum,
1005 3861 1036 3897 sc
1053 3854 1082 3897 tu
1102 3844 1182 3895 illinc
1199 3845 1281 3897 vicis·

195 3916 244 3967 sim
264 3914 300 3967 sd
317 3925 404 3968 meet
420 3933 609 3986 quemcunque
629 3916 724 3967 domus
747 3925 811 3966 tune
829 3915 957 3976 scribens,
983 3915 1092 3967 titulum
1111 3914 1184 3966 huno
1203 3932 1282 3968 usur·

195 3985 281 4056 pubis.
299 3985 397 4058 quodsi
418 3988 597 4041 intercutem
614 3987 798 4055 cognoverint,
827 3986 875 4055 qui
893 3985 1016 4039 invident
1035 3984 1097 4049 tihi,
1109 3986 1232 4054 quamvis
1247 3987 1283 4039 iis

195 4056 293 4108 durum
312 4057 494 4127 acerbumque
514 4056 650 4119 videntur,
677 4057 800 4109 volentes
820 4057 945 4109 nolenter
970 4072 1029 4107 eam
1046 4055 1220 4109 derorantof
1238 4073 1283 4109 re·

194 4125 295 4197 spondi
313 4127 352 4179 its
369 4127 541 4195 imperatori:
558 4127 648 4179 “deus
665 4126 790 4179 domiuus
815 4125 947 4196 producat
965 4127 1108 4196 imperium
1120 4135 1206 4179 tuum.
1234 4127 1283 4179 sed

195 4206 287 4249 temen
306 4198 467 4268 suppliciter
489 4213 553 4265 rogo
582 4207 699 4251 seucum
716 4198 882 4251 maiestatem
900 4206 982 4259 tuam,
1011 4200 1035 4249 si
1052 4215 1111 4250 mea
1129 4215 1209 4252 causo
1224 4198 1282 4251 ulla

194 4269 286 4322 sutura
300 4269 336 4324 sit
354 4269 488 4335 olisnsio,
509 4267 581 4324 uude
597 4268 666 4342 quisi
684 4268 840 4324 detrimenti
853 4269 943 4340 cupiat
959 4268 1102 4341 imperium
1121 4276 1212 4333 tuum,
1228 4286 1282 4322 un-
