3392 5238
525 302 601 369 tro.
623 311 662 370 ιι.
690 307 779 372 oar.
811 312 864 374 vs.
1158 287 1234 390 sii

149 467 196 539 ric
214 456 249 528 τό
279 453 379 543 ὄνομα
409 461 528 543 αὐτοῦ,
560 466 622 526 τεόν
644 467 828 549 Μαγγόνων
858 466 1136 551 ἐπονομαζόμενοη.
1175 474 1244 536 ἐκεῖ

148 561 311 642 ἱστάμενος
341 558 399 644 τήν
430 561 557 646 φοόλην
588 560 672 644 ἔχων
697 563 754 629 sui
778 564 853 641 τοὺς
879 565 1029 650 σιδήροος
1057 578 1125 646 τοίς
1150 575 1237 650 ποσί,

148 662 357 744 διερχομένου
388 657 473 742 τάχα
494 664 553 724 sori
581 666 737 743 βασιλέως
757 662 809 728 ἵνα
837 666 883 742 εἰς
900 663 955 748 τόν
975 662 1166 735 innostra»
1186 672 1239 753 τῆς

148 762 314 843 ἐκκλησίας
329 760 463 846 α’νιὲλθη,
485 758 620 845 ἐδεήθην
641 762 741 827 oraison*
761 762 812 827 ἵνα
828 788 869 845 με
899 768 962 829 τεόν
984 763 1127 833 ἁλύσεων
1147 772 1238 834 ἐλευ-

6 944 7 959 ,
121 856 287 944 ὅθερόση.
341 860 398 921 καί
422 853 520 938 sissia
549 859 698 940 βασιλεὺς
729 861 882 927 εἰσελθών
908 866 956 939 εἰς
974 864 1032 948 τήν
1050 869 1238 950 ἐκκλησίαν,

146 951 258 1043 ἄρχων
277 982 324 1034 τις
345 959 539 1040 ἐπιστρέψας
559 956 638 1042 πρὸς
661 962 702 1039 μὲ
730 954 799 1026 εἶπέ
820 984 877 1042 μοι
895 964 991 1027 τόδε·
1029 962 1245 1049 “rapacitati-ss,

148 1054 166 1120 ό
188 1056 338 1137 βασιλεός
361 1053 378 1119 ό
399 1058 557 1141 αόθέντης
580 1058 670 1141 ἧμοόν
689 1058 741 1124 ἵνα
761 1059 903 1142 ἐξόρωσό
917 1084 974 1127 σου
990 1062 1064 1139 τοός
1078 1060 1238 1146 σιδήρεος,

147 1153 168 1218 ό
190 1157 244 1221 καί
262 1156 283 1240 ἦ
304 1159 400 1240 κορόα
428 1154 560 1240 ἦμοόνὴ
585 1158 736 1222 δέσποινα
764 1159 911 1244 ἐζήτησεν
938 1156 1040 1225 airas?
1063 1162 1118 1227 καί
1137 1158 1239 1226 ἅπαν.

147 1280 201 1331 τες
220 1253 338 1338 ἧμεῖς.”
377 1256 433 1320 καί
460 1258 536 1341 περὶ
564 1255 618 1320 τόν
638 1250 757 1340 ὄρθρον
784 1259 884 1341 αὐτῆς
904 1262 961 1343 τῆς
980 1258 1092 1337 νυκτός
1111 1259 1181 1327 itai
1205 1265 1240 1326 ε’ν

103 1358 185 1441 ιοτῇ
204 1355 338 1437 συνήθει
359 1351 429 1443 cipp
453 1356 483 1418 oi
503 1358 560 1418 τοῦ
579 1351 701 1440 πόργσο
724 1349 873 1441 ἄρχοντες
894 1363 949 1423 καί
968 1362 1066 1445 ἕτεροι
1086 1359 1166 1441 μετὰ
1189 1386 1241 1427 σι-

147 1452 254 1537 tripos
274 1454 417 1536 όργόνων
438 1453 623 1535 ἐκβαλόντες
644 1479 684 1535 με
710 1460 771 1519 τοῖν
792 1455 937 1522 ἇλόσεων
956 1461 1012 1522 καί
1032 1463 1237 1539 ἐξαιτιῶνται,

146 1553 202 1616 eat
221 1555 363 1634 λέγουσιν
385 1546 444 1635 οὐχ
459 1550 509 1617 ότι
527 1555 699 1635 ἐχθρωδῶς
716 1552 828 1637 ἔχουσι
845 1561 914 1621 κατ’
935 1560 1015 1639 ἐμοῦ
1035 1563 1089 1623 καί
1106 1559 1146 1623 ari
1164 1568 1238 1643 τρὲ.
1278 1580 1281 1585 ·

5 1636 7 1787 η
147 1655 251 1737 φοοσό
267 1675 308 1731 με
318 1699 328 1733 ,
356 1653 387 1716 εἶ
412 1647 457 1734 μή
477 1655 544 1715 ἑστι
569 1650 622 1715 διό
651 1651 695 1738 μη
718 1657 890 1738 κεκτῆσθαι
915 1655 1041 1732 αότοός.
1084 1660 1239 1741 καόμενόν

147 1748 205 1814 δόο
226 1750 346 1835 ἡμέρας
374 1748 518 1825 ἐλθόντες
545 1748 641 1816 πόλιν
669 1754 801 1836 ζητοόσό
818 1777 879 1835 με·
934 1761 990 1819 καί
1020 1755 1157 1841 ἐδεήθην
1184 1763 1240 1823 rori

103 1851 306 1921 ιόαόθόντοο
325 1873 390 1930 μου
419 1848 472 1913 διό
490 1851 623 1936 ’γραφῆς
651 1853 705 1916 ἵνα
720 1854 923 1941 ἐξαποστεᾶη
944 1849 1101 1937 ἄρχοντας
1121 1864 1239 1923 aniiu-

145 1953 244 2032 λῆσαι
258 1957 324 2025 τοῖς
338 1949 622 2037 αῖχμαλωτεόσασό
629 1974 670 2031 με
691 1950 771 2033 πρὸς
787 1956 982 2032 σομβιὶθασιν
993 1954 1067 2036 περὶ
1086 1959 1142 2037 τῆς
1162 1960 1240 2039 ἐμῆς

145 2050 341 2130 ἐλευθερίας.
370 2043 447 2132 όνιερ
469 2050 523 2113 κατ’
542 2053 655 2132 γέγονε.
698 2048 754 2114 κατ’
772 2052 1044 2132 σομβιβασθέντες
1065 2053 1240 2122 δεδώκασιν

5 2130 7 2247 i
144 2149 231 2235 αὐτῷ
249 2147 284 2213 τὸ
305 2151 474 2233 Σαραβάλε
497 2147 652 2234 φρούριον
676 2150 944 2231 τοιουτοτρόποις,
970 2152 1022 2215 ἵνα
1042 2154 1159 2241 ἐγερθῇ
1186 2153 1242 2217 κατ’

5 2252 7 2343 J
143 2246 271 2334 οἷοὲλθη
285 2249 331 2322 εἰς
344 2245 397 2311 τόν
412 2241 495 2311 οἶκον
516 2245 620 2310 αὑτοῦ
633 2250 668 2312 ἐν
688 2250 728 2334 τῇ
741 2249 770 2311 Γ
769 2250 938 2335 λἀρέντζηι·
961 2252 1017 2313 καί
1028 2254 1143 2333 μέχρις
1163 2246 1237 2316 ‘n'iov

5 2360 6 2379 ¹
98 2366 135 2407 so
144 2348 259 2410 Μαΐου
268 2342 474 2432 εἰμὲνέλθηό
482 2350 711 2431 μητροπολότης
722 2349 776 2411 καί
786 2341 1065 2432 αόθὲντηςαότιόν,
1076 2349 1237 2435 ποιησάτω

141 2446 262 2520 ἐκεῖνος
283 2444 326 2521 οός
343 2449 449 2527 θέλει,
470 2447 501 2510 εἰ
520 2448 551 2509 δ’
572 2438 629 2526 οὔ,
659 2445 893 2530 uenationem
923 2447 1011 2536 αὐτῷ
1032 2446 1235 2535 τό’κόστρον.

140 2546 199 2609 κατ’
217 2543 388 2629 γεγονότων
409 2541 530 2631 όρκων,
547 2544 609 2610 ’καί
634 2548 896 2629 παραλαβομὲνον
916 2549 972 2611 soi
992 2548 1048 2612 rosi
1065 2549 1235 2634 Σαραβόλε

218 2756 239 2792 ι.
258 2742 298 2799 εἰς
313 2734 363 2805 τόν
379 2733 505 2808 κεφαλὴν
523 2738 672 2812 ἱστάμενος
697 2740 770 2811 ἔχων
794 2739 871 2793 νοιὶΡ
973 2743 1011 2795 ι3.
1029 2745 1188 2808 νενοηκέναι
1205 2742 1234 2793 Μ

215 2825 257 2861 ar.
275 2808 471 2882 παραδιδόασι
488 2803 519 2863 τὸ
537 2812 555 2861 P
1236 2848 1238 2851 ψ

140 2972 209 3025 mibi
227 2986 284 3024 esse
302 2972 331 3025 in
343 2971 526 3093 pulcherrimo
547 2972 647 3042 templo
662 2971 855 3042 Mangaaornm
873 2964 946 3042 quoti
964 2971 1072 3035 dicitur,
1085 2971 1160 3024 illins
1177 2990 1230 3026 no-

6 3092 7 3099 ,
139 3045 208 3096 mini
226 3061 310 3096 sacro.
340 3044 349 3094 i
371 3044 380 3093 i
405 3061 487 3115 quum
513 3045 705 3107 constitissem,
735 3051 855 3113 pateram
883 3060 962 3093 manu
985 3050 1082 3094 tenens
1111 3051 1139 3094 et
1157 3059 1230 3096 cosn-

51 3146 58 3159 ·
138 3114 258 3185 pedibus
281 3114 404 3176 rinctus,
425 3115 613 3185 imperatorem
641 3114 712 3166 sorta
739 3120 938 3176 transeuntem,
966 3119 998 3164 ut
1025 3112 1155 3164 ecclesiae
1184 3131 1229 3164 sa-

139 3188 192 3237 cris
212 3187 374 3247 interesset,
393 3185 539 3248 obsecravi,
558 3194 590 3237 ut
605 3186 709 3237 catenis
735 3202 778 3237 me
797 3186 907 3235 levaret.
925 3199 1009 3253 quum
1030 3184 1082 3233 iam
1101 3182 1230 3238 intrasset

138 3257 167 3309 in
186 3257 329 3307 ecclesiam
349 3256 503 3324 imperator,
522 3272 642 3307 reversus
659 3272 728 3306 uuus
751 3255 785 3307 de
804 3252 961 3324 proceribus
979 3254 1017 3304 ita
1033 3270 1076 3304 me
1095 3254 1229 3306 siiocutns

138 3336 196 3380 ests
213 3325 320 3379 “iussit
336 3328 495 3395 imperator,
514 3325 640 3379 dominus
659 3334 760 3388 noster,
781 3326 895 3377 vinculis
916 3332 944 3376 te
963 3322 1086 3387 liberam
1104 3323 1134 3375 id
1153 3324 1229 3413 ιηιιοδ

136 3398 313 3467 imperatrix,
342 3396 450 3449 domina
466 3406 576 3460 nostra,
601 3406 630 3450 at
646 3413 738 3448 omnes
764 3413 814 3447 nos
840 3398 874 3447 ab
892 3394 988 3447 eodem
1004 3392 1178 3464 petivimns’.
1200 3405 1229 3448 et

138 3485 218 3531 ecce,
235 3470 307 3519 circa
326 3470 488 3520 matutinum
505 3469 592 3520 noctis
610 3467 730 3520 eiusdem
747 3476 872 3537 tempus,
898 3465 966 3518 bora
982 3473 1126 3529 consueta,
1144 3468 1227 3517 turris

136 3538 273 3610 praefecti
299 3547 327 3590 et
344 3539 392 3589 aiii
417 3539 485 3604 viri,
509 3540 695 3591 instrumentis
717 3538 810 3590 terreis
834 3538 975 3597 instructi,
998 3537 1100 3587 catenis
1115 3552 1159 3587 me
1177 3552 1226 3587 ex-

135 3609 273 3680 pediunt,
300 3617 329 3661 et
345 3619 475 3662 excusant
501 3626 529 3661 sc
547 3609 614 3661 mihi
643 3611 789 3679 aiuntque,
806 3625 862 3660 nou
879 3606 973 3660 hostili
991 3605 1055 3657 odio
1073 3613 1128 3658 tam
1145 3622 1227 3676 parce

135 3696 168 3731 ac
188 3681 306 3748 maligue
323 3681 423 3732 victum
441 3697 470 3732 se
487 3679 659 3750 praebuisse,
676 3678 724 3731 ssd
743 3681 806 3750 qnia
824 3678 938 3730 meliora
955 3693 1025 3746 quae
1044 3675 1153 3741 darent,
1169 3694 1227 3730 non

135 3750 300 3803 habuissent
317 3750 378 3820 ipsi.
418 3760 460 3803 ost
478 3750 591 3803 biduum
609 3751 816 3804 adsuntiterum
835 3758 863 3800 et
879 3765 922 3801 me
936 3748 1127 3812 cohortantur,
1142 3757 1226 3818 atque

135 3838 188 3891 ego
204 3836 260 3943 per
279 3822 370 3873 literas
392 3768 531 3874 Xomiuum
553 3839 641 3873 meum
666 3821 756 3882 oravi,
780 3828 811 3870 ut
824 3820 946 3871 mitteret
964 3819 1036 3870 viros
1060 3817 1224 3883 honoratos,

135 3894 186 3962 qui
221 3909 238 3944 e
257 3891 459 3944 conditionibus
493 3892 662 3945 liberationis
678 3906 753 3942 meae
780 3891 960 3957 transigerent
976 3906 1035 3940 cum
1053 3887 1108 3951 bis,
1128 3906 1143 3940 a
1160 3890 1225 3961 qui-

135 3961 188 4014 bus
208 3963 330 4033 captivus
349 3961 503 4014 detinebar:
521 3963 549 4015 id
570 3962 643 4035 quod
664 3962 762 4012 sactrrm
783 3967 837 4022 est,
859 3969 903 4023 et,
923 3960 1071 4029 composita
1090 3960 1225 4024 amicitia,
1310 3954 1313 3959 ’

136 4035 279 4085 metellum
297 4032 425 4086 Sarabaie
453 4032 504 4086 hoc
524 4035 549 4087 ei
569 4042 650 4105 pacto
668 4030 853 4095 tradiderunt,
880 4030 1097 4083 utGlarentssm
1115 4030 1226 4083 domurn

136 4103 289 4169 recederet3
310 4112 339 4156 et
355 4103 465 4175 quidem
483 4106 505 4157 si
530 4121 578 4174 per
597 4105 699 4156 Maium
720 4102 838 4154 venisset
860 4101 1034 4170 metropolita
1056 4110 1083 4153 et
1099 4101 1225 4153 dominus

136 4174 266 4243 ipsorum,
285 4174 428 4240 faceretis,
440 4175 514 4248 quad
531 4175 628 4246 reliet3
645 4175 667 4228 si
684 4191 739 4228 non
757 4175 1010 4239 venissetcastrum
1024 4172 1067 4223 iiii
1085 4171 1224 4225 dederent.

191 4269 352 4324 Pirantzes.
1006 4284 1036 4320 ιο
1058 4266 1063 4275 “
