3300 5274
268 401 323 461 οε
340 396 702 464 rrrmsuouresusr
732 401 1137 469 sxuurouauusuo.
1170 376 1252 464 525

140 558 144 571 '
168 552 254 633 γοῦν,
262 542 363 628 οἶμαι,
372 543 489 610 ταῦθ’ό
501 541 678 631 Μουράτης
688 550 843 629 ἐσκέψατο
851 553 906 615 και*
916 549 1097 619 τοῦθόῦτω
1106 559 1252 636 γενέσθω

169 650 370 732 προσέταξεν,
391 646 428 710 ἵν’
451 643 629 730 α’σφάλειαν
648 647 668 730 ἦ
689 645 778 725 πόλις
802 647 859 736 ἔχη
885 656 939 716 καί
957 652 1102 737 φυλακήν
1123 657 1251 737 expetis-

166 746 280 831 οτέραν
299 749 333 811 ἑκ
352 742 477 826 τοῦτον,
500 741 655 825 παράλιος
674 738 756 811 odon
776 751 830 811 καί
847 747 1007 814 derisoriae
1028 753 1159 837 δεομένη
1171 760 1249 818 πολ-

164 852 229 914 λιῦν
247 843 458 925 ἐνοικούντων,
480 843 534 907 καί
552 846 604 909 ἳνα
622 844 678 928 τήν
700 846 819 931 ἀγοράν
842 847 1028 932 πλήθουσαν
1047 846 1165 932 ἔχουσα
1187 855 1248 917 τῶν

135 948 267 1020 5ω’νι’ων
293 942 436 1011 ἁπάντων
462 945 507 1018 εἰς
534 934 634 1027 αότήν
662 946 925 1027 εἰσκομιζομένων
941 945 1062 1023 πάντας
1080 949 1152 1036 ἕλκη
1171 958 1246 1036 παρ’

163 1042 270 1133 ἑαυτῇ,
293 1045 514 1126 πραγματειῶν
527 1046 583 1105 καί
593 1042 859 1127 συναλλαγμάτων
872 1045 1018 1111 ἁπάντων
1030 1051 1303 1129 μεταδιδοῦσα368

164 1154 229 1219 τοῖς
249 1141 402 1231 χρῄζουσι
425 1142 479 1203 κατ’
498 1134 614 1225 ἑαυτήν
634 1139 755 1230 ῥφῦόως
773 1145 995 1223 πλουτιζουσα.

166 1242 169 1247 ’
244 1239 305 1306 κά.
353 1236 475 1305 Τοότων
503 1232 563 1302 οῦν
594 1234 678 1304 οῦτω
706 1240 904 1324 προβάντων,
935 1242 990 1308 καὶ
1008 1249 1072 1309 soie
1096 1243 1244 1330 Τοόρκωκ

163 1345 207 1417 εἰς
216 1343 341 1423 χιλίους
356 1337 598 1420 ἀριθμουμένων
608 1335 666 1421 τήν
681 1339 769 1405 πόλιν
780 1339 1024 1427 κατειληφότων,
1044 1346 1098 1410 καί
1119 1346 1244 1413 πάντων

113 1442 264 1514 maistins:
284 1441 339 1502 sni
363 1435 459 1514 ναοός
489 1439 564 1502 α’ντί
591 1438 698 1503 ον’κιαῖν
727 1436 922 1526 εἰληφότων,
954 1445 1009 1506 καί
1027 1443 1144 1523 α’ναμΐξ
1160 1445 1240 1509 κατά

162 1546 269 1603 πάσαν
288 1534 342 1622 τήν
362 1536 454 1600 πόλιν
474 1534 634 1618 λαχόντων
655 1537 714 1622 τήν
732 1536 870 1622 οῦκησιν,
897 1540 915 1625 ἦ
938 1539 1026 1617 πόλις
1047 1538 1150 1629 ιῦστιερ
1171 1546 1240 1608 τινά

161 1636 300 1722 πενθήρη
318 1637 438 1719 χιτῶνα
451 1633 508 1720 τήν
522 1637 675 1717 α’κοσμόαν
687 1635 896 1720 περιεβάλετο,
917 1643 973 1724 τῆς
994 1641 1191 1724 εῦιτρειιειας,
1203 1636 1242 1727 ἧς

160 1732 199 1803 dr
211 1735 303 1820 ἔτυχε
317 1740 372 1820 τής
391 1739 487 1818 κακῆς
500 1738 682 1818 συμβουλῆς
692 1736 738 1820 μή
751 1733 860 1821 χάραν
872 1733 1033 1822 εῦροόσης,
1047 1743 1243 1828 α’φηρημένη,

161 1828 214 1900 κατ’
234 1836 289 1901 τόν
300 1831 479 1917 οτολισμόν,
495 1832 531 1899 ὃν
545 1834 602 1898 οῦκ
616 1838 661 1911 εἰς
673 1834 800 1916 μακράν
819 1832 911 1919 ἔσχεν
928 1829 975 1920 ἄν,
987 1841 1151 1921 δυστυχῶς
1163 1835 1244 1924 άγαν

110 1937 376 2017 τὸιὲτιοβαλοῦσα,
399 1936 454 1999 καί
475 1935 627 1999 στένουσα
649 1926 714 1998 οἷον
732 1937 801 2013 μετ’
822 1938 959 2020 οἰμωγῆς
979 1931 1030 2000 ότι
1049 1936 1093 2021 μή
1114 1940 1244 2021 σεισμός

161 2032 278 2118 ταότην
308 2035 485 2114 συνέχωσεν
514 2026 536 2115 ἢ
557 2034 619 2115 πῦρ
648 2030 876 2117 παρανάλωσεν
894 2028 916 2119 'i
936 2029 1022 2117 ῦῦωρ
1045 2032 1243 2122 α’ναῦοθὲνή

162 2134 330 2218 νεφελόθεν
345 2131 438 2217 ῥαγὲν
453 2129 653 2212 συνεκάλυψε
668 2133 722 2194 καί
741 2135 923 2198 κατέκλυσε·
963 2139 1055 2201 τοῦτο
1079 2135 1141 2219 γάρ
1170 2139 1242 2202 άνε-

159 2231 311 2315 κτότερον,
334 2233 405 2295 ἐκεῖ
425 2232 476 2295 σοι’
493 2253 528 2313 γε
552 2233 674 2311 βέλτιον
698 2233 756 2309 τοῦ
781 2231 928 2317 τοιαύτην
944 2228 1085 2315 ’όράσθαι
1115 2231 1150 2299 τό
1168 2238 1243 2320 μηδ’

159 2329 303 2394 ὁπωσοῦν
323 2329 377 2394 ἐπὶ
394 2333 450 2413 γής
477 2325 614 2394 ἑστάναι.
670 2326 780 2411 οἱμὲν
802 2323 857 2396 οῦν
888 2335 952 2396 τῶν
970 2329 1063 2417 ἱεράν
1085 2332 1178 2401 οἴκων
1197 2337 1242 2421 εἰς

104 2428 247 2496 nouerat
267 2427 447 2510 καταγάγια
476 2432 765 2512 μετημείφθεισαν,
786 2425 891 2514 οἵσπερ
913 2428 1109 2515 εἰρήκειμεν,
1130 2434 1186 2497 καί
1203 2433 1240 2497 τό

158 2527 349 2611 προφητικὸν
371 2528 478 2608 εἰπεῖν,
499 2528 533 2592 ἐν
549 2532 671 2593 πελέκει
684 2527 739 2591 καί
753 2530 944 2616 λαξευτηρόιρ
963 2527 1003 2594 τά
1026 2528 1241 2614 θυσιαστήρια

157 2629 212 2690 τοῦ
233 2632 312 2691 θεοῦ
343 2631 592 2712 καταβέβληντο·
642 2624 671 2690 οἱ
701 2629 736 2693 di
757 2628 893 2708 λείψανα
919 2628 1016 2709 μόνον
1036 2631 1093 2694 τοῦ
1114 2628 1240 2714 πρώτου

157 2726 288 2802 κάλλους
321 2726 424 2793 αὐτῶν
443 2725 500 2791 κατ’
525 2730 580 2811 τῆς
603 2728 722 2807 θέσεως
751 2726 980 2807 α’ποσιόξουσιν.
1020 2725 1098 2794 ἔτινον
1120 2732 1165 2813 δέ,
1185 2734 1242 2796 κατ’

1346 1338 1355 1365 Ι

158 2938 253 3000 suerat,
273 2935 443 2988 dediderunt.
480 2936 558 2989 ambo
577 2936 644 2990 baec
662 2938 764 3010 itaque,
782 2946 813 2989 ut
830 2938 937 3008 opinor,
957 2937 1075 2990 Murates
1092 2936 1238 2992 meditatus

157 3016 198 3061 est
217 3017 245 3060 et
262 3008 299 3059 ita
318 3007 374 3057 ficri
395 3007 479 3069 iussit,
497 3017 553 3059 tum
572 3018 602 3059 ut
619 3011 762 3063 securitate
782 3018 809 3060 et
830 3007 950 3061 custodia
970 3010 1051 3076 tnagis
1070 3007 1124 3059 fida
1144 3010 1237 3061 orbern

155 3078 332 3130 communiret
350 3078 508 3128 maritimam
528 3078 646 3148 ideoque
666 3079 759 3129 meritis
788 3087 911 3145 egentem
934 3078 1152 3140 habitatoribus,
1181 3087 1237 3131 tuus

156 3158 188 3202 ut
205 3151 263 3200 soro
281 3148 401 3199 omnium
420 3164 507 3198 rerum
525 3147 691 3199 abundantia
709 3148 903 3199 circumfluenti
913 3186 921 3209 ‚
939 3147 1079 3198 venatibus
1094 3148 1237 3217 undequa-

155 3238 209 3291 que
224 3219 374 3280 convectis,
393 3234 485 3269 omnes
502 3215 565 3269 urbs
584 3217 618 3268 ad
643 3234 673 3270 se
690 3216 819 3277 traheret,
839 3226 867 3269 et
884 3219 1039 3268 mercaturis
1057 3220 1238 3270 commerciis-

154 3308 209 3361 que
229 3290 345 3341 diversas
369 3289 493 3341 nationes
518 3287 672 3358 indigentes
698 3289 873 3341 commiscens
895 3305 929 3340 ex
946 3288 1022 3339 sacili
1038 3289 1097 3359 ipsa
1116 3290 1236 3342 collocu-

153 3362 257 3433 pletats
275 3361 426 3413 ditesceret.

223 3448 266 3482 ar.
302 3432 350 3483 His
369 3432 462 3501 itaque
490 3427 543 3481 hoc
571 3427 652 3481 modo
678 3428 804 3496 digestis,
830 3446 890 3480 cum
907 3428 1009 3480 Turcae
1027 3428 1103 3480 miiie
1120 3446 1233 3482 numero

152 3501 288 3556 civitatem
323 3507 498 3571 occupassent
531 3505 560 3551 et
592 3500 711 3550 omnium
739 3498 831 3553 domos
859 3517 889 3551 sc
915 3500 1016 3569 templs
1042 3516 1091 3568 pro
1123 3500 1234 3552 habita-

151 3575 229 3627 tione
249 3573 426 3642 accepissent,
451 3587 501 3622 nec
524 3586 579 3621 non
623 3570 752 3623 romiscue
776 3588 824 3639 per
845 3572 995 3622 universam
1019 3571 1112 3623 urbem
1140 3570 1231 3624 seriem

152 3644 295 3705 locassent,
314 3642 414 3705 civitas,
433 3642 516 3693 veluti
538 3587 644 3707 lugubri
660 3641 768 3703 amictu,
787 3642 946 3693 confusione
961 3648 1042 3711 atque
1060 3643 1232 3694 immunditia

151 3713 350 3765 circumvestita
367 3721 423 3777 est,
440 3730 490 3763 suo
513 3710 626 3770 decore,
653 3729 733 3782 quem
750 3712 845 3781 utique
864 3720 1006 3777 consecuta
1025 3710 1119 3763 fuisset
1136 3713 1159 3763 si
1176 3729 1234 3764 ma-

152 3785 209 3837 lurn
229 3783 372 3854 consilium
393 3784 481 3834 locum
502 3800 557 3835 nou
574 3781 726 3845 habuisset,
753 3782 885 3851 spoliata,
906 3791 934 3834 et
951 3790 1057 3845 ornatu,
1079 3797 1159 3850 quem
1177 3799 1233 3835 non

151 3857 239 3907 marito
269 3861 331 3923 post
349 3852 524 3922 possedisset,
550 3852 657 3915 orbata,
683 3860 711 3904 et
734 3869 789 3904 nou
809 3852 867 3903 sine
885 3853 985 3922 gemitu
1003 3853 1138 3921 suspirans
1158 3854 1233 3924 quod

151 3935 201 3978 aut
218 3935 304 3978 terrae
332 3932 421 3975 motus
448 3941 503 3975 uon
525 3920 711 3984 absorbuerit,
740 3931 787 3974 aut
808 3923 876 3992 iguis
899 3941 955 3974 uon
980 3922 1166 3992 absumpserit,
1185 3933 1233 3976 aut

151 4013 225 4066 aqua
243 3993 368 4046 alicunde
394 4010 536 4077 erumpens
559 3995 602 4044 vel
627 3992 777 4047 anubibus
798 3992 924 4049 decidens
945 4009 999 4045 non
1013 3996 1183 4063 cooperuerit
1203 4004 1231 4047 et

153 4067 342 4118 inundaverit:
362 4065 414 4116 boc
434 4082 505 4115 enirn
524 4064 694 4117 tolerabilius
714 4064 824 4125 suisset,
844 4064 952 4133 quaudo
971 4066 1056 4115 multo
1076 4065 1171 4116 melius
1190 4075 1232 4125 eat

152 4155 213 4188 eam
231 4153 364 4206 nusquam
392 4142 495 4187 exstare
543 4153 601 4185 iram
621 4135 673 4186 hoc
691 4135 771 4186 modo
788 4135 858 4185 visui
875 4133 1013 4187 bominum
1031 4134 1123 4186 obiici.
1158 4153 1231 4189 sacra

151 4208 237 4276 igitur
253 4209 354 4278 templa
365 4208 393 4258 in
404 4205 513 4275 publica
523 4152 668 4257 diversoria
679 4206 818 4257 immutata
831 4213 902 4267 suut,
923 4214 952 4256 ut
968 4215 1165 4273 praenarratam
1181 4216 1230 4269 est,

151 4288 181 4331 et
203 4287 233 4331 ut
251 4296 310 4331 cum
329 4274 461 4349 propbeta
480 4277 583 4349 loquar,
600 4276 728 4328 insecuri
748 4284 776 4328 et
793 4276 864 4355 speia
881 4275 925 4330 dei
942 4277 1128 4347 propitiatoria
1145 4277 1228 4331 disie-
