3392 5238
1200 256 1209 291 i

591 416 668 476 utu.
689 418 728 476 11.
759 412 847 478 car.
868 419 893 477 r.
1219 390 1297 474 τιὸ

215 572 271 631 κατ’
293 556 546 649 ἀναγνωσθείσης
566 561 679 646 ταύτης
703 563 742 647 δὴ
765 566 822 648 τῆς
841 561 1035 647 προστάξεως
1054 567 1131 648 παρ’
1148 566 1230 647 ἐμοῦ
1245 562 1302 647 ἐμ.

214 668 356 748 προσθεν
379 661 479 727 αύτοῦ
498 663 626 745 καὶτῆς
649 663 813 746 δεσποίνης
834 664 890 726 καί
908 664 967 727 τοῦ
980 666 1134 744 βασιλέως
1156 662 1211 730 καὶ
1228 663 1303 730 οἱοῦ

215 765 322 828 αὐτῶν
343 762 398 825 καί
417 758 537 842 μόνον,
556 761 644 834 τέλος
665 762 834 843 προσέταξε
850 764 893 848 τῷ
913 757 973 849 υἱῷ
993 762 1092 826 αύτού
1113 764 1211 846 λέγων
1226 762 1301 829 “uie

214 885 296 943 μου,
320 851 456 945 ἤκουσας
476 856 499 923 ἀ
519 861 696 942 προσέταξα
726 862 786 939 μὲν
806 857 884 940 ύμῖν
907 863 981 941 περὶ
1005 863 1069 924 τῶν
1089 858 1302 947 ύπηρετησύν-

184 969 280 1032 ὅταν
312 983 369 1041 μοι
399 957 507 1024 ι’ύιλιν”
542 955 678 1044 (ἔγραφε
702 956 799 1044 γύρ)·
851 953 903 1022 “oi
932 961 968 1023 δέ
995 963 1164 1026 κελλιῶταί
1189 985 1251 1043 μου
1274 960 1304 1027 οἷ

216 1057 468 1144 ὖπηρετήσαντὲς
488 1080 544 1140 μοι
576 1062 679 1133 καλῶς
711 1061 766 1121 uui
785 1051 934 1134 εύνοϊκῦς
962 1055 1135 1123 διάκεινται
1155 1057 1231 1124 uiuri
1249 1086 1305 1125 κν·

217 1162 294 1239 ρι’ως
314 1155 391 1241 πρός
411 1180 477 1239 με,
507 1158 561 1220 ἵνα
591 1153 691 1238 ἔχωσι
712 1156 800 1239 παρὰ
818 1157 940 1223 πάντων
962 1160 1025 1222 τῶν
1044 1155 1122 1223 uiuit
1139 1181 1203 1241 μου
1223 1160 1304 1244 u’yu'.

217 1282 279 1342 πην
299 1281 332 1322 τε
352 1257 409 1320 κατ’
428 1253 589 1338 ἀναέοχῆν
607 1255 662 1318 καὶ
686 1257 886 1339 προμήθειαν
907 1255 986 1321 κατὰ
1007 1254 1041 1321 τὸ
1066 1259 1238 1341 ἀναλογοῦν
1257 1256 1306 1325 ire*

218 1350 335 1444 ἐκύοτρι
357 1354 474 1419 αάτῶν.
516 1356 682 1435 ἐξαιρέτως
706 1356 741 1419 δέ
760 1353 855 1419 πάλιν
879 1356 959 1438 λέγω
971 1377 1024 1419 σοι
1036 1358 1112 1439 περὶ
1130 1354 1241 1422 τούτου
1264 1356 1304 1443 δὴ

173 1459 277 1526 ιοτοῦ
299 1455 450 1539 Φραντζῇ
460 1501 470 1533 ,
495 1450 530 1529 ἐς
548 1456 650 1528 καλῶς
662 1475 718 1535 μοι
742 1451 909 1519 ἐδούλευσε
928 1456 985 1519 καί
999 1455 1045 1530 εἰς
1065 1450 1167 1520 πάντα
1188 1455 1227 1521 τύ
1250 1461 1306 1540 τῆς

218 1555 328 1639 ψυχῆς
345 1575 409 1635 μου
441 1553 497 1617 κατ’
523 1547 669 1633 σώματος
701 1549 919 1637 ἐθεράπευσε,
946 1556 1002 1619 καί
1031 1556 1089 1619 νῦν
1121 1556 1166 1631 εἰς
1194 1555 1231 1621 τύ
1253 1560 1307 1640 τῆς

219 1656 386 1729 ἀσθενείας
404 1676 467 1735 μοο
497 1658 603 1716 πλεῖον
623 1654 686 1716 ταῖν
705 1644 809 1717 ἄλλων
829 1653 1018 1737 θεραπεύει,
1051 1652 1094 1729 ἀς
1115 1655 1171 1720 κατ’
1190 1656 1307 1735 ἐλπίζω

220 1749 268 1818 ὅτι
287 1756 343 1817 καί
361 1750 401 1816 τύ
420 1754 475 1836 τῆς
496 1753 604 1837 ψυχῆς
622 1774 686 1831 μου
714 1748 792 1834 μετά
822 1752 962 1817 θάνατον
980 1756 1082 1830 καλῶς
1112 1752 1307 1843 οέκονομήσῃ.

219 1852 240 1939 ἡ
259 1851 365 1938 νεότης
384 1849 446 1937 μύρ
469 1845 572 1916 αύτοῦ
605 1853 659 1915 κατ’
676 1848 711 1915 τύ
738 1853 839 1935 γῆρας
864 1849 899 1917 τύ
920 1849 998 1934 ἐμύν
1018 1855 1074 1916 οῦκ
1094 1850 1204 1919 εἴασαν
1222 1859 1308 1938 γενύ-

174 1957 299 2019 ficem
320 1975 351 2017 τι
373 1950 450 2037 πρὸς
470 1947 570 2015 αῦτόν
589 1949 735 2028 ἀντάξιον
757 1954 814 2033 τῆς
845 1948 967 2035 ἀγάπης
987 1955 1042 2016 καί
1061 1950 1250 2038 ύοολοσύνης
1270 1950 1310 2039 ἣν

218 2050 377 2138 ἐφύλαξεν
396 2052 443 2124 εἰς
462 2050 536 2131 ἐμέ·
579 2048 633 2113 διὰ
656 2050 749 2114 τοῦτο
779 2049 899 2134 ἀφίημι
917 2045 1015 2115 αὐτόν
1033 2072 1108 2114 σοι·
1149 2052 1205 2116 uui
1223 2047 1309 2129 ὅπως

217 2155 273 2234 τῆς
293 2151 392 2234 εάχῆς
411 2152 467 2213 καί
485 2151 629 2231 εύλομιάς
649 2148 705 2230 τῆς
726 2149 804 2231 ἐμῆς
824 2145 943 2235 τύχῃς,
969 2146 989 2211 ἐ
1010 2150 1049 2213 δι’
1071 2151 1178 2215 αἰτίαιν
1199 2147 1309 2216 τοιαύ·

218 2275 274 2333 την
295 2253 369 2333 παρ’
389 2249 471 2330 ἐμοῦ
491 2248 550 2311 οῦκ
567 2249 687 2330 ἐγένετο
709 2247 796 2336 αύτῷ
808 2294 818 2327 ,
841 2244 939 2321 αύτύς
959 2247 1116 2333 ποτἠοον.”
1152 2247 1208 2313 κατ’
1230 2254 1307 2315 ταῦ-
1402 2262 1404 2267 ’

218 2374 261 2412 τα
282 2346 367 2431 ἔλεγε
388 2347 444 2412 κατ’
463 2349 652 2431 προσέταττε
682 2349 756 2429 περὶ
785 2348 876 2428 ἐμοῦ.
930 2347 998 2412 ἐπεὶ
1020 2349 1055 2411 δὲ
1073 2345 1130 2412 καί
1146 2347 1225 2429 μετά
1248 2351 1309 2413 τοῦ

172 2449 375 2515 αοδεσπύτου
405 2447 466 2533 κύρ
491 2447 731 2512 Κωνσταντίνοο
752 2445 868 2528 πολλὴν
898 2441 1023 2529 ἀγάπην
1042 2439 1129 2529 εἶχον
1147 2445 1231 2530 τάγιύ
1252 2450 1318 2529 rtot'⁸

220 2552 461 2635 πληροφορίαν,
494 2543 535 2629 ἢν
562 2543 579 2608 ὅ
601 2541 678 2619 θεὰς
700 2537 891 2627 ἀπεδέχετο,
918 2546 952 2623 ἐξ
971 2546 1076 2621 αἰτίας
1095 2547 1240 2630 τοιαύτης
1261 2540 1308 2612 ὅτι

221 2653 278 2715 τοῦ
299 2642 416 2732 πατρός
432 2668 496 2728 μου
518 2644 536 2709 o‘
558 2642 697 2729 ἀδελφὸς
716 2636 755 2728 ἦν
775 2638 876 2710 αύτοῦ
895 2642 1097 2729 παιδαγωγός
1118 2646 1174 2713 eut*
1192 2646 1223 2713 οέ
1242 2642 1310 2713 uiue*

290 2834 316 2885 6.
338 2826 445 2888 rimor
466 2818 540 2887 ελκές
556 2825 691 2880 διέκειντο
711 2825 790 2899 πρΡ
860 2844 885 2895 7.
904 2827 953 2881 ἵνα
971 2827 1052 2878 omP
1120 2830 1145 2882 8.
1166 2826 1308 2902 ἀνάλογον

290 2901 321 2953 Μ
395 2917 432 2951 ro.
453 2894 483 2959 ὃς
503 2898 653 2953 tonitruos
661 2914 714 2969 μοι
730 2901 768 2958 εἰς
783 2894 877 2951 πάντα
895 2896 1056 2965 ἐπιτηδείως
1073 2901 1309 2963 καταιτιῶμαι

290 2965 543 3045 νύναύθιςελςΡ
633 2983 671 3022 ιτ,
691 2966 828 3029 ἀςοιαΡ
920 2969 959 3022 16.
978 2967 1051 3040 πρός
1066 2970 1140 3042 μεΡ

219 3135 387 3206 imperatrice
407 3140 436 3183 et
454 3147 547 3183 eorum
565 3129 621 3181 filio
641 3128 809 3199 imperatore,
827 3136 857 3181 et
868 3130 902 3181 iia
919 3129 986 3182 roiia
1003 3129 1124 3215 quidem,
1144 3132 1307 3197 recitatum,

218 3216 357 3277 pontremo
380 3206 524 3272 imperator
552 3200 592 3251 ita
614 3200 672 3251 filio
699 3217 748 3252 auo
771 3199 1076 3270 praecepit:“audrrti,
1103 3201 1143 3253 fili
1161 3204 1215 3267 nai,
1236 3219 1308 3273 quae

217 3277 296 3329 robir
314 3291 396 3345 ruper
414 3272 542 3325 miniatrie
560 3271 627 3323 aneis
644 3272 714 3323 iuria
737 3268 808 3322 dedi.
828 3270 1001 3324 cubiculariis
1019 3281 1127 3338 autent,
1152 3275 1199 3343 qui
1214 3274 1308 3343 pulcre

218 3348 287 3400 mihi
305 3356 334 3399 et
350 3344 472 3398 etudioae
491 3342 657 3405 nutrierunt,
684 3341 858 3411 praeeipuam
884 3343 996 3411 gratiam
1013 3341 1117 3405 habeo,
1137 3351 1220 3414 atque
1235 3344 1309 3408 rulo,

219 3428 251 3471 ut
269 3418 302 3470 ab
320 3415 444 3468 omnibus
464 3414 526 3465 fiiiia
544 3413 610 3464 meir
630 3411 659 3463 id
678 3412 735 3464 illia
752 3413 865 3475 amorii,
890 3413 993 3466 tutelae
1012 3422 1040 3466 et
1057 3412 1142 3467 etudii
1161 3414 1310 3484 contingat,

239 3488 296 3542 uod
314 3488 412 3557 cuique
431 3485 565 3537 convenit.
584 3483 679 3553 itaque
698 3483 726 3534 in
739 3483 831 3553 primis
844 3481 917 3535 hunc
935 3484 986 3537 tibi
1006 3484 1156 3538 Phrenteen
1174 3502 1310 3538 commen·

219 3508 273 3623 ῦο,
291 3559 339 3631 qui
358 3557 463 3627 egregie
481 3554 547 3607 mihi
567 3555 744 3617 ministravit,
763 3551 1036 3624 omnibuaqueanimi
1054 3563 1082 3608 et
1098 3556 1217 3625 corporia
1235 3573 1310 3608 eom·

218 3630 308 3683 modis
334 3646 415 3700 quum
444 3634 507 3678 ante
528 3625 713 3695 prospexerit,
743 3633 799 3677 tum
826 3641 897 3675 nunc
916 3626 944 3678 in
964 3626 1148 3696 aegrotatione
1167 3643 1226 3678 mea
1242 3643 1309 3696 prae

219 3702 318 3756 ceteri·
342 3699 488 3770 prospicit,
515 3715 546 3748 ac
564 3711 659 3765 spero,
687 3694 802 3748 eundem
830 3694 925 3760 etiam,
945 3713 1014 3767 quae
1032 3696 1067 3749 nd
1085 3697 1201 3749 animam
1221 3712 1310 3750 σταται

219 3781 283 3843 port
300 3768 405 3823 obitum
431 3766 591 3837 expiandam
614 3766 768 3836 pertinent,
794 3764 880 3834 probe
905 3765 1150 3820 administraturum
1176 3783 1243 3822 erae.
1260 3784 1310 3839 per

220 3845 305 3914 ipaiur
323 3841 396 3893 enirn
415 3840 582 3891 iuventutern
600 3846 628 3889 et
650 3844 815 3889 senectutem
834 3852 921 3887 meam
939 3855 993 3890 non
1011 3838 1107 3903 licuit,
1125 3839 1200 3909 quod
1219 3856 1310 3892 amore

219 3933 251 3967 ae
271 3912 381 3973 atudiu,
400 3927 469 3982 quae
486 3910 553 3961 mihi
569 3907 719 3978 praeatitit‚
741 3905 852 3975 dignum
869 3915 948 3971 erret,
966 3908 1008 3960 iiii
1027 3909 1135 3962 referre.
1155 3926 1239 3980 quare
1257 3909 1311 3963 tibi

220 4003 282 4038 eum
299 3983 447 4043 committo,
465 3989 546 4051 atque
566 3996 653 4049 eperu,
671 3987 713 4041 te,
733 3985 771 4041 ut,
810 3991 861 4028 uae
881 3986 980 4051 exopto
1001 3996 1149 4050 precorque
1167 3981 1232 4045 tibi,
1250 3980 1312 4034 adt-

220 4055 347 4128 pisearir.
373 4052 559 4122 suppleturum
585 4066 656 4113 erre,
686 4047 758 4118 quod
787 3994 863 4099 ίέλτια
888 4047 923 4099 ob
949 4067 1054 4101 caurum
1073 4050 1221 4104 Phrantaue
1251 4053 1260 4105 i
1281 4068 1311 4105 ae

222 4133 360 4196 praestare
377 4140 433 4175 nou
450 4118 552 4191 potui.''
573 4119 639 4171 haec
658 4119 704 4170 iiie
723 4119 756 4171 de
778 4136 820 4171 rue
837 4118 906 4170 dixit
923 4122 1108 4192 etpraecepit.
1126 4070 1312 4177 intercedessat

222 4208 311 4248 autem
332 4196 414 4246 etiarn
439 4210 499 4244 curn
518 4191 696 4244 Constantino
721 4189 843 4259 terpora,
862 4190 980 4242 numinis
999 4191 1084 4244 divini
1104 4194 1198 4263 gratia,
1216 4210 1311 4265 magna

223 4268 291 4322 nihi
316 4265 502 4328 familiariter,
528 4279 611 4334 quum
630 4261 714 4331 patria
744 4261 797 4313 mei
817 4261 899 4314 frater
924 4272 1084 4335 praeceptor
1100 4265 1158 4318 einr
1176 4273 1263 4329 erret,
1282 4272 1311 4316 et
