3402 5222
473 472 549 533 ιιιι.
570 473 624 533 ιιι.
650 470 740 534 esa.
762 475 813 533 ιι.
1123 446 1202 530 atis

118 622 199 693 τινός
214 614 243 682 οἱ
257 618 302 701 μὴ
316 615 486 700 δυνάμενοι
495 618 661 701 μάχεσθαι
677 618 730 683 διά
744 623 844 703 γῆρας
860 615 885 704 ἦ
901 622 942 685 δι’
962 617 1073 704 ἑτέραν
1093 622 1209 705 αἰτίαν,

119 718 195 794 τοὺς
207 710 321 799 ἄρτους
332 719 387 782 καί
399 721 464 782 ποῖν
475 717 638 801 βρώσιμον
652 720 845 803 όιαμεριζειυ
858 723 892 786 ἐν
909 727 976 796 τοῖς
995 720 1090 798 οἴκοις
1110 722 1166 787 καό
1176 726 1211 789 όν

119 827 183 893 τοῖς
203 812 333 899 πύργοις
353 813 432 881 κατά
453 817 509 900 τὴν
528 816 698 899 α’ναλυγίαν
718 814 787 895 ἑνός
807 814 949 885 ἑκάστου.
970 818 1053 885 καόό
1074 819 1211 903 πόλεμος

121 916 323 1000 ἧμόραυκαθ
346 914 468 1000 ἡμέραν
484 908 599 1000 ηὔξανε
612 916 666 980 διά
682 914 716 979 τό
733 920 805 980 καθ’
826 910 1100 1002 interpretatam
1120 924 1210 985 ε’ναν·

94 1019 207 1089 stator
228 1016 263 1078 ἐκ
284 1017 342 1079 τοῦ
361 1017 416 1096 τῆς
445 1013 553 1089 Ἀσίας
577 1017 725 1095 κλίματος
756 1019 826 1090 νέος
852 1017 990 1099 στρατός
1011 1019 1049 1081 ου’
1072 1021 1210 1085 διέλιπεν

122 1111 295 1196 ἔρχεσθαι·
317 1112 356 1179 τό
371 1115 406 1178 δὲ
421 1112 556 1196 ἡμέτερα
569 1109 768 1195 όλιγόστευον
782 1117 838 1179 καό
849 1116 1081 1199 ἐταπεινοῦντο,
1103 1113 1208 1201 όόοιιερ

122 1209 238 1296 σελήνη
258 1212 461 1298 λειψόφωτος,
490 1211 543 1276 διά
565 1211 621 1277 τόν
643 1212 862 1296 καθημερινὸν
880 1210 1028 1281 θάνατον.
1071 1219 1153 1293 τινός
1174 1219 1210 1282 di

123 1313 159 1376 ἐκ
188 1310 432 1395 τάνῆμετόροον
452 1305 595 1387 ἀπειθεῖς
622 1314 677 1376 καί
697 1312 908 1396 ἀπάνθρωποι
933 1312 972 1377 τά
995 1315 1083 1398 ἡμῶν
1100 1339 1212 1379 ταπει-

123 1412 261 1476 νοῦσθαι
282 1413 456 1492 βλέποντες,
479 1409 626 1493 εὑρόντες
648 1408 701 1475 τόν
714 1409 826 1494 καιρόν
842 1415 888 1487 εἰς
907 1411 963 1489 τάς
982 1412 1122 1497 πονηρός
1142 1414 1213 1497 ‹ipi-

78 1513 200 1588 ιοξεις,
233 1509 359 1585 στάσεις
387 1509 443 1574 καί
470 1510 705 1585 α’καταστασιάς
730 1513 802 1576 καθ’
834 1511 955 1595 ἡμέραν
981 1515 1129 1596 όποιόυν,
1160 1519 1216 1578 καὶ

125 1604 235 1692 όβρεις
254 1611 310 1673 καό
329 1605 489 1692 λοιόορόοις
505 1608 550 1680 εἷς
571 1607 631 1684 τός
650 1614 800 1684 πλατείας
818 1610 874 1675 καί
893 1609 998 1696 ῥόμας
1018 1616 1074 1697 τῆς
1094 1613 1214 1688 πόλεως

125 1706 201 1773 κατό
221 1709 278 1774 τοῦ
296 1708 474 1788 δυστυχοῦς
495 1711 651 1788 βασιλέας
671 1706 725 1772 καὶ
747 1710 811 1772 τόν
829 1704 944 1794 ἑτέραν
964 1708 1128 1794 ἀρχόντων
1148 1716 1215 1789 ἐξό-

123 1830 200 1892 χεον
226 1808 262 1871 όκ
288 1810 346 1870 rosi
371 1810 492 1889 μιαροῦ
523 1806 631 1871 niveis
661 1809 836 1891 λάρυγγος,
867 1809 946 1892 μήτε
972 1806 1024 1876 τόν
1056 1809 1133 1875 θεόν
1154 1834 1215 1897 φο-

125 1906 276 1988 βούμενοι
307 1900 388 1988 μήτε
417 1903 472 1968 τόν
507 1907 642 1988 βασιλέα
681 1901 703 1990 ἢ
732 1906 806 1982 τοός
841 1908 1029 1991 α’νθριόπους
1068 1909 1214 1991 όντρεττό·

80 2009 225 2087 ebriaret.
268 2003 363 2079 αάτός
391 2005 428 2068 βό
445 2002 473 2090 [e‘
493 2004 758 2090 τρισμακάριστος
787 2004 821 2070 τό
845 2011 904 2070 τοῦ
923 2011 1030 2089 Δαβόδ
1045 2008 1141 2091 ῥητόν
1157 2035 1214 2088 μι.

126 2103 283 2186 μοάμενος
302 2094 339 2167 τό
357 2101 448 2186 “όγοό
466 2104 501 2167 δὲ
525 2101 604 2168 πόσει·
622 2104 729 2189 κωφός
751 2104 807 2167 oriar
828 2098 942 2188 ἢκουον
964 2105 1020 2169 καί
1038 2102 1115 2170 dori
1134 2101 1215 2171 όλα.
1254 2110 1257 2117 “

128 2210 181 2280 λος
204 2202 364 2286 ἐγενόμην,
385 2203 441 2266 καί
464 2202 614 2287 ἐγενόμην
638 2203 716 2267 niori
737 2196 908 2288 diripuisse
935 2204 993 2267 οόκ
1017 2201 1140 2269 άκοόοιν
1161 2208 1217 2271 καί

128 2304 186 2367 arias
206 2299 291 2384 ἔχων
312 2305 347 2366 όν
367 2303 412 2387 τῷ
432 2297 568 2381 στόματι
591 2297 693 2365 αὑτοῦ
712 2303 873 2384 ε’λεγμοός,
897 2296 946 2367 ότι
966 2299 996 2367 οἱ
1017 2305 1134 2387 ἐχθροί
1150 2329 1214 2386 μου

129 2402 206 2481 ζοόοι
237 2399 291 2465 καὶ
318 2401 565 2483 κεκραταίιοντειι
602 2399 683 2484 ὑπὲρ
713 2403 788 2481 ε’μό,
830 2397 879 2466 ότι
908 2400 1155 2487 ἐπληθύνθησαν
1184 2401 1214 2468 οἱ

79 2502 294 2581 αομισοόυτές
323 2521 364 2579 με
401 2492 545 2573 dicitnr?
598 2498 654 2564 καί
682 2503 764 2574 τινὲς
790 2502 850 2579 μὲν
882 2495 1103 2584 προσήρχοντο
1129 2501 1215 2589 adrui

129 2601 267 2683 λέγοντες
288 2593 338 2662 ότι
359 2596 377 2661 ό
397 2600 484 2662 δεῖνα
506 2601 562 2664 καί
590 2597 608 2662 ό
627 2601 714 2664 δεῖνα
739 2597 815 2664 τάδε
836 2595 919 2685 ἔφη·
960 2604 1053 2693 τινοῖν
1072 2601 1108 2664 ai
1126 2623 1216 2685 περι·

128 2699 238 2775 πατῶν
257 2691 365 2782 ἤκουε.
416 2701 473 2762 καὶ
501 2698 535 2764 ε’ν
566 2697 644 2782 ἡμῖν
665 2700 835 2786 ε’πλιγροόθη
856 2698 892 2764 τό
912 2697 1008 2785 ῥητόν
1030 2698 1064 2763 τό
1094 2697 1216 2785 φάσκον

200 2868 228 2921 p
245 2850 294 2904 sesi
319 2844 466 2919 εὐκαιρίαν
488 2847 616 2922 εὑρόντες
641 2840 712 2903 κατά
739 2843 790 2910 τάς
807 2846 936 2920 πονηράς
958 2847 1055 2903 αότιόν
1077 2847 1216 2920 όρίξειςΡ

206 2924 245 2976 15·
263 2918 438 2992 μακάριοςΡ
546 2922 583 2972 ι3.
603 2919 718 2984 diuina,
744 2918 797 2975 oda
814 2919 939 2992 άνολγυιν
955 2916 986 2975 τό
1006 2920 1098 2994 στόμα
1119 2918 1214 2975 αὐτοῦ.

200 2993 250 3045 arui
268 2989 441 3063 ἐγενόμςνΡ

130 3137 238 3199 berrat,
256 3135 332 3206 quod
350 3134 519 3188 ederentaut
537 3132 673 3199 biberent,
692 3135 833 3189 aeeiiberi
850 3153 900 3189 nee
915 3151 1022 3195 uxores,
1041 3136 1079 3187 ita
1097 3150 1129 3187 se
1145 3134 1216 3202 egis·

132 3225 170 3261 se.
187 3206 238 3258 boc
255 3206 367 3270 audito,
386 3208 534 3277 imperator
553 3207 707 3272 constituit,
733 3215 765 3259 ut
781 3216 918 3278 quotquot
935 3214 1076 3260 senectute
1097 3205 1141 3255 vsi
1161 3205 1216 3255 alia

132 3295 161 3331 re
184 3277 393 3347 impedirentur,
422 3292 457 3329 ne
477 3285 636 3346 pugnarent,
654 3278 687 3328 iis
705 3295 756 3347 pro
781 3280 898 3331 cuiusuis
915 3275 1074 3329 conditione
1094 3274 1218 3344 puniret

130 3349 254 3419 reliquus
273 3348 349 3400 cibus
369 3365 418 3416 per
443 3346 524 3399 aedes
548 3357 577 3400 et
591 3355 678 3400 turres
707 3347 921 3401 distribueretur.
940 3349 1047 3399 interim
1066 3345 1169 3398 bellurn
1187 3345 1218 3396 in

129 3420 190 3473 dies
211 3417 426 3488 ingravercebat,
443 3435 526 3489 quum
545 3419 580 3470 ad
597 3418 688 3471 hostes
713 3435 746 3470 ex
762 3420 825 3472 Asia
844 3417 967 3489 quotidie
984 3426 1105 3471 recenter
1122 3415 1218 3485 copias

130 3489 320 3553 adventarent,
337 3498 445 3542 nostrae
463 3498 553 3542 autern
572 3507 613 3541 res
631 3491 712 3541 lunas
729 3487 907 3542 decrescentis
924 3491 1009 3541 instar
1027 3489 1219 3539 imminueren-

129 3571 178 3615 tur
196 3568 224 3612 et
252 3568 463 3613 extenuarentur
505 3559 646 3612 uotidisnn
672 3560 762 3612 caede.
787 3562 899 3630 insuper
916 3559 1026 3629 quidam
1044 3558 1079 3610 de
1100 3557 1219 3619 nmtris,

130 3641 305 3686 contumaces
326 3640 355 3682 et
372 3632 476 3683 feroces
515 3631 627 3693 omines,
646 3647 729 3700 quum
747 3649 795 3683 nos
817 3633 844 3683 in
864 3631 1001 3699 angustias
1019 3628 1117 3680 adduci
1139 3626 1219 3677 vide·

130 3710 213 3764 rent,
238 3703 369 3770 perversis
397 3702 452 3753 suis
473 3700 668 3771 cupiditatibus
686 3703 853 3753 occasionem
879 3702 960 3765 nacti,
976 3707 1109 3771 perpetuo
1127 3696 1221 3749 turbas

132 3782 164 3826 et
189 3770 337 3824 seditiones
360 3771 532 3837 excitabant,
556 3781 584 3822 et
609 3787 656 3822 ore
682 3772 796 3824 scelesto
818 3789 866 3842 per
888 3771 992 3841 plateas
1011 3782 1038 3821 et
1054 3771 1127 3822 sicus
1146 3767 1221 3818 urbis

130 3842 280 3897 maledicta
300 3853 327 3895 et
344 3842 519 3894 contumeliae
536 3842 565 3894 in
583 3841 772 3911 imperatorem
790 3851 819 3894 et
839 3842 961 3911 reliquos
978 3841 1113 3911 principes
1131 3838 1219 3890 conii-

131 3913 253 3976 ciebant,
272 3931 321 3965 nec
342 3912 422 3964 deum
451 3930 502 3964 nec
522 3914 710 3982 imperatorem
735 3912 779 3964 vel
804 3911 929 3965 homines
944 3911 1033 3965 reriti.
1057 3919 1086 3962 at
1112 3909 1159 3961 ille
1177 3917 1221 3962 ter

131 3985 231 4037 beatus
247 3984 288 4035 vir
313 3982 424 4035 Doridis
450 3983 552 4035 dictum
578 3983 733 4034 imitabatur
753 3981 823 4051 “epo
849 3991 938 4033 autem
962 3982 1034 4033 sicut
1053 3979 1149 4032 surdus
1163 3996 1221 4033 nun

132 4054 295 4118 audiebam,
324 4062 353 4106 et
371 4062 498 4125 tanquam
515 4062 605 4106 mutus
627 4071 715 4116 eram,
737 4054 876 4122 sectusque
897 4070 955 4104 surn
974 4053 1043 4103 sicut
1062 4051 1143 4103 bomo
1162 4067 1221 4102 non

41 4170 51 4195 γ
132 4125 250 4179 audiens
268 4141 320 4177 nec
339 4123 441 4177 babens
459 4125 551 4177 inore
564 4124 776 4194 redargutiones,
791 4126 919 4195 quoniam
939 4124 1039 4175 inimici
1056 4123 1109 4175 mei
1125 4123 1221 4173 rirunt

133 4205 166 4250 et
184 4196 395 4265 praevaluerunt
417 4212 499 4265 super
522 4212 566 4247 me
582 4204 611 4247 et
637 4196 683 4266 qui
703 4195 801 4247 iniuria
818 4210 861 4246 me
887 4193 1020 4259 oderunt,
1047 4192 1219 4262 multiplicati

133 4264 224 4320 suast
244 4275 273 4319 st
291 4265 403 4318 adibant
429 4282 509 4329 eum,
527 4266 575 4336 qui
598 4274 750 4329 narrarent,
769 4264 842 4318 bunc
859 4264 904 4316 vet
922 4264 999 4317 illurn
1019 4264 1086 4317 talis
1103 4262 1138 4316 de
1158 4263 1218 4331 ipso

135 4337 259 4392 effutire:
278 4337 409 4410 quosdam
427 4337 510 4403 etism
531 4336 698 4408 praeteriens
716 4337 774 4408 ipse
798 4335 935 4389 audiebat.
953 4334 1073 4408 denique
1093 4335 1123 4388 in
1140 4333 1219 4386 nobia
