3300 5274
273 448 327 509 aa
344 439 709 509 rrussunouscmss
738 437 905 504 exonio
919 437 1145 506 usuusuo.
1181 412 1264 529 527

175 598 287 679 μέλει,
310 597 366 679 ’τής
394 595 521 669 ἐλπίδος
551 593 663 677 σοφοῖς
696 586 934 673 διημαρτηκόσι.
979 584 1081 654 πάντα
1108 587 1167 676 γὰρ
1198 583 1267 657 isus

176 695 233 760 καί
253 692 337 759 scires
354 690 512 777 γεγόνασι,
541 687 576 755 τό
609 694 669 755 τοῦ
698 687 803 772 λόγου.
852 688 907 751 καί
927 687 946 770 ή
967 686 1058 762 πόλις
1086 685 1193 775 ὥσπερ
1216 713 1267 767 τις

175 796 256 869 ναός
292 796 326 858 ἐν
362 791 490 875 πελάγει
527 792 753 873 περισχεθεῖσει
783 788 886 851 κακῶν
920 792 1146 872 περιφέρεται,
1176 792 1267 874 δίκην

175 895 302 975 α’νέμων
332 896 394 957 τοῖν
431 893 501 955 καθ’
538 886 673 973 ἑκάστην
697 891 797 954 εἰπεῖν
823 882 1063 967 συμπιπτόντων
1094 889 1266 969 ταραττόν-

147 999 240 1061 5τιον
270 987 374 1075 αότήν
409 992 464 1055 καί
498 993 629 1066 ναυτίας
662 990 776 1072 πολλής
814 989 870 1051 καί
894 986 1014 1070 ἰλίγγου
1045 985 1264 1072 πληροόντιον,

173 1098 229 1159 καί
262 1095 408 1174 καθαρᾶς
442 1083 552 1164 εόθιάς
590 1089 752 1170 ἐπιτυχεῖν
793 1079 908 1151 οόκονν
944 1082 1087 1166 ἐόντων,
1127 1085 1203 1149 ortt
1231 1084 1266 1149 τό
1336 1090 1339 1097 “

170 1197 228 1277 τῆς
257 1190 383 1274 εἰρήνης
403 1188 459 1253 καί
476 1190 621 1272 νηνεμίας
643 1184 745 1257 ἱστίον
776 1182 958 1250 πετόσωσαν
979 1183 1059 1270 πρός
1078 1187 1189 1266 λιμένα
1210 1206 1267 1249 κα-

172 1296 236 1359 λῶν
269 1293 444 1376 ἐφθακέναι
474 1289 592 1371 στῆναί
610 1308 644 1350 τε
672 1286 720 1352 ἐπ’
741 1286 885 1370 ιίγκυριῖν
915 1284 1094 1369 ιίσφαλειάς
1123 1284 1179 1348 καί
1209 1286 1267 1364 μέ-

175 1417 243 1458 νειν
265 1385 454 1456 όσόλεοτον.
505 1387 643 1551 θεοῦέ
661 1375 724 1471 όρα
747 1388 839 1449 τοῦτο
866 1377 906 1447 ἐν
929 1382 978 1467 εἴη
999 1384 1054 1448 καί
1072 1385 1128 1467 τής
1148 1383 1268 1446 ἐκείνου

132 1519 168 1560 ιο
176 1491 292 1577 σαφῶς
311 1488 557 1572 πηίαλιουχιάς,
645 1488 805 1571 ααραῦναι
826 1485 885 1565 μέν
903 1480 942 1547 τό
966 1485 1030 1547 ταῖν
1050 1483 1269 1565 ἐπερχομένων

176 1586 404 1675 κορυφοόμενα
422 1586 558 1667 κύματα,
580 1587 693 1651 ἰθῦναι
714 1586 749 1649 δέ
770 1581 848 1665 πρὸς
868 1581 1014 1667 γαλήνην,
1036 1580 1092 1646 καί
1108 1584 1269 1666 σωτηρίαν

174 1691 392 1773 χαρίσασθαι,
410 1688 465 1751 καί
485 1687 596 1749 δοῦναι
617 1684 765 1766 αρόμναν
791 1679 991 1766 κροόσασθαι
1012 1688 1069 1747 rori
1085 1683 1195 1746 λοιποῦ
1215 1682 1272 1744 καί

175 1789 313 1854 πλεῦσαι
335 1785 504 1871 δεότερον,
526 1779 544 1848 ό
566 1807 659 1871 φασι,
672 1782 800 1863 'eloim
821 1785 1104 1864 μεταβεβλημένων
1124 1776 1269 1845 ἁπάντων

176 1889 234 1954 ἐπί
251 1884 289 1951 τό
310 1889 435 1966 βέλτιον
461 1886 517 1948 καί
543 1880 563 1947 ό
593 1887 733 1948 συνοίσει
754 1883 794 1970 τή
812 1880 922 1960 πόλει,
950 1879 1194 1962 μεσιτεύσαντος
1212 1880 1271 1944 τοῦ

129 1987 349 2073 ιόήμεδαποιῖ
368 1984 583 2069 τροπαιοόχυυ
604 1982 660 2047 καί
678 1979 861 2066 μάρτυρος,
882 1981 1019 2045 acircio
1040 1982 1099 2062 τής
1120 1977 1270 2061 πατρίδος

174 2087 298 2150 οἰάκων
329 2077 427 2157 αὖθις
459 2084 559 2148 elusis
589 2083 839 2163 ἐπιλαβομένου,
859 2081 916 2145 καί
941 2075 1021 2162 πρός
1039 2079 1097 2162 τήν
1117 2075 1270 2159 τοσαύτην

174 2189 241 2250 τεόν
277 2183 452 2267 συμφορῶν
483 2180 650 2246 θάλασσαν
678 2184 719 2267 τῇ
747 2175 865 2244 ἐαυτοῦ
892 2183 1096 2263 χρησαμένου
1127 2174 1269 2256 δυνάμει.
1339 2192 1376 2250 ·,

172 2289 302 2368 γένοιτο
338 2284 373 2346 δὲ
393 2278 437 2365 μή
457 2282 516 2343 ουίι
536 2282 583 2355 είς
601 2276 747 2362 μακρόν,
768 2276 841 2369 ίλέιρ
861 2281 919 2343 τοῦ
938 2281 1019 2342 θεοῦ
1040 2279 1327 2370 insitionum„

174 2376 313 2464 ὄμματι,
334 2381 389 2444 καί
403 2382 771 2466 φιλανθρωπευσαμένου
784 2374 932 2463 συνήθως
951 2379 1002 2464 ἐφ’
1024 2370 1071 2452 οἷς
1091 2373 1190 2442 αὐτόν
1209 2398 1271 2439 πα·

124 2511 165 2552 20
175 2481 380 2567 ροργιζυμεν.

264 2575 325 2660 κβ.
371 2580 480 2642 Ταῦτα
500 2578 533 2653 ἐς
554 2579 650 2662 δεῦρο
670 2574 959 2663 παρηκολούθηκεν,
980 2579 1010 2643 εί
1030 2575 1088 2640 καί
1106 2599 1176 2656 τινα
1198 2574 1271 2639 rori-

175 2704 245 2746 των
269 2677 359 2761 ήμεῑς
381 2674 503 2755 ἑκόντες
524 2676 578 2741 riso
598 2675 652 2743 τόν
673 2676 783 2759 καιρὸν
809 2681 864 2741 καί
883 2674 942 2761 τήν
963 2675 1119 2759 ήμετέραν
1139 2676 1216 2759 περί
1232 2674 1269 2738 τό

175 2786 286 2864 λέγειν
321 2777 492 2842 α’σθένειαν
519 2783 708 2861 παραλιπεῖν
737 2779 809 2841 δέον
836 2778 1030 2860 κεκρίκαμεν.
1078 2772 1270 2859 κάπειδήπερ

177 2985 355 3058 longioribus
374 2986 428 3035 oris
446 2985 519 3036 illius
539 2985 687 3056 potiundae
706 2985 842 3038 desiderio
870 2985 1053 3048 exardebant,
1076 3000 1123 3036 eos
1141 2985 1183 3036 sui
1200 2983 1282 3036 desi-r

178 3061 264 3121 elerii,
285 3054 335 3107 sed
352 3071 401 3107 nos
428 3072 539 3124 qnoque
560 3057 589 3107 in
608 3073 667 3108 earu
692 3056 834 3109 reditionis
852 3057 982 3123 paenitet,
1000 3073 1060 3107 cum
1075 3070 1137 3124 spes
1154 3056 1275 3106 melioris

176 3140 269 3186 status
290 3125 400 3196 penitus
421 3124 530 3176 sublata
549 3126 593 3176 sit.
639 3143 738 3194 susque
763 3126 852 3194 deque
871 3127 942 3176 enim
960 3128 1050 3176 omnia
1069 3126 1140 3176 lacta
1158 3134 1228 3188 sunt,
1244 3133 1276 3178 ut

175 3197 330 3276 proverbio
348 3195 553 3260 circumfertur3
572 3203 600 3245 et
617 3195 799 3260 orbs‚,veluti
822 3195 896 3246 nuvis
915 3196 971 3247 slto
991 3197 1121 3247 malorum
1140 3196 1206 3246 mari
1225 3213 1275 3263 op-

176 3286 296 3346 pressa,
324 3266 526 3332 circumagitur:
557 3273 697 3317 uentorum
728 3267 800 3317 enim
830 3266 930 3327 instar,
960 3283 1030 3336 quae
1048 3267 1160 3334 singulis
1179 3265 1276 3318 diebus

175 3346 342 3400 occurrunt,
358 3352 417 3387 eam
435 3335 618 3387 interturbant
635 3342 665 3387 et
681 3353 780 3387 nasssea
800 3337 986 3405 vertigineque
1004 3337 1150 3405 complent,
1167 3344 1197 3389 et
1213 3354 1275 3388 vers

175 3413 268 3487 potiri
285 3408 381 3479 quiete
398 3423 454 3459 non
473 3407 642 3475 permittunt,
659 3407 720 3459 vela
741 3407 806 3459 licet
822 3409 895 3479 pacis
910 3416 938 3459 et
953 3406 1159 3477 tranquillitatis
1174 3423 1277 3476 expers·

175 3487 265 3546 derit,
287 3487 320 3532 nt
337 3476 372 3529 ad
391 3485 496 3547 portum
520 3476 654 3528 bonorum
681 3479 818 3545 appellat,
844 3486 872 3530 et
895 3495 1050 3530 ancorarum
1068 3480 1211 3532 securitate
1231 3480 1276 3529 lir-

174 3564 282 3614 snetur,
301 3557 463 3618 maneatque
480 3549 646 3599 inconcussa.
683 3548 728 3599 dei
746 3550 826 3616 igitur
839 3550 930 3611 luerit,
948 3557 977 3600 et
991 3549 1066 3599 itlius
1079 3550 1160 3619 plane
1178 3549 1277 3617 guber-

174 3622 323 3682 nationis,
343 3636 429 3670 rerum
449 3618 651 3669 advenientium
670 3619 787 3670 tumidos
808 3620 904 3671 fluctus
925 3619 1034 3683 sedare,
1064 3620 1098 3671 ad
1117 3619 1275 3691 tranquilli-

175 3709 267 3753 tatem
288 3691 412 3756 dirigere,
433 3690 545 3741 salutem
557 3689 671 3757 elargiri,
689 3689 890 3761 concedereque
909 3699 939 3742 ut
958 3691 987 3741 in
1006 3699 1143 3759 posterum
1162 3692 1276 3760 puppim

175 3767 357 3823 inhibeamus
376 3770 405 3812 et
420 3760 537 3811 secunda
554 3761 734 3826 navigatione,
756 3761 830 3831 quod
849 3760 956 3823 dicitur,
977 3761 1228 3826 utamur,omnibus
1246 3763 1276 3811 in

176 3838 286 3894 melius
299 3831 454 3893 immutatis,
470 3840 509 3893 ut,
523 3829 659 3900 quidquid
672 3832 763 3893 luerit,
775 3831 875 3882 civitati
894 3831 1036 3893 conducat,
1053 3831 1225 3901 deprecatore
1246 3847 1275 3882 se

176 3928 231 3984 pro
252 3900 337 3957 nobis
355 3901 503 3969 praebente
530 3910 622 3953 nostro
642 3902 772 3973 tropaeaii
793 3910 821 3953 et
846 3911 977 3969 martyre,
1004 3919 1147 3972 rursusque
1172 3902 1275 3971 patriae

177 3971 372 4054 gubernacula
385 3972 557 4039 suscipiente,
576 3980 603 4023 et
620 3972 747 4025 adversus
763 3981 806 4025 tot
822 3973 1003 4024 calamitatum
1025 3973 1180 4025 immodicos
1199 3990 1277 4025 suou-

177 4063 224 4106 tes
245 4060 328 4100 suam
346 4043 495 4109 potentiam
508 4051 667 4112 usurpante3
687 4061 776 4113 neque
795 4042 840 4094 diu
855 4042 955 4095 bonum
968 4043 1120 4108 differatur,
1139 4042 1191 4097 deo
1210 4060 1276 4114 pro·

178 4123 255 4196 pitin
276 4112 360 4167 oculo
385 4113 566 4181 inspectante,
594 4122 622 4164 et
647 4131 695 4167 suo
717 4130 793 4166 more
811 4113 970 4178 nobiseum,
987 4116 1035 4184 qui
1061 4116 1090 4167 iu
1111 4130 1172 4167 eum
1190 4113 1279 4167 rlelin·

180 4196 317 4265 quimus,
338 4181 493 4235 lsumauiter
511 4193 617 4251 agente.

258 4273 307 4311 22.
346 4255 378 4306 Et
406 4248 472 4304 hae‘c
489 4252 628 4325 bucusque
651 4271 816 4324 processere:
843 4253 910 4306 lieet
933 4272 981 4305 nos
1013 4272 1045 4306 ex
1074 4255 1129 4306 iilis
1146 4253 1278 4326 quaedam

180 4339 300 4406 sponte,
321 4334 442 4396 tempore
461 4323 489 4375 isl
511 4334 638 4396 poscente
657 4335 685 4379 et
701 4334 793 4379 nostra
818 4323 928 4379 ‹licendi
947 4323 1150 4391 imbecillitate,
1168 4327 1277 4380 silentio
