3402 5222
509 438 591 495 212
821 434 992 500 GEORGii
1029 432 1269 498 ieiunumst

503 587 707 674 Χριστιανῶν
725 581 794 667 ἔχει
812 586 1037 667 tenenspedum
1058 581 1115 647 καί
1135 581 1302 669 ἀφανίσαι.
1353 580 1395 645 τό
1407 583 1474 646 ’νῦν
1495 578 1587 667 καίῆ

503 685 594 761 πόλις
623 687 804 770 ἠπορημίνη
833 682 902 749 ε’στό
927 681 981 747 διό
1010 682 1066 748 τόν
1098 681 1251 766 αῦθὲνιην
1278 703 1343 761 μου
1370 677 1427 744 καί
1453 684 1586 762 βασιλέα

503 786 616 850 νεωστί
645 784 684 846 τό
717 785 862 866 σκῆιιτρα
892 782 1052 863 λαβόντα,
1082 777 1118 856 ός
1138 784 1193 845 καί
1212 783 1246 845 ἑκ
1268 782 1329 846 τοῦν
1350 781 1406 865 τῆς
1424 784 1588 862 βασιλείοις

502 881 716 966 εἷσοδημότων
737 882 836 945 πολλοὶ
856 882 978 967 σ’φείλει
1002 878 1056 944 διό
1076 877 1131 956 τός
1162 877 1288 958 ἐξόδους
1308 882 1363 942 καί
1382 876 1421 942 τό
1446 876 1585 964 φιλόδω-

502 1007 569 1066 ρα,
601 979 814 1063 όίόχαρίσατο
833 990 898 1055 τοῖς
921 977 1128 1064 στρατιώταις
1157 978 1212 1043 καί
1230 978 1315 1065 πόσῃ
1333 981 1372 1064 τῇ
1391 972 1491 1063 αόλῇ·
1533 978 1616 1050 διό5

503 1085 604 1146 δεῖται
628 1081 739 1162 καιροῦ
760 1081 919 1163 εἰρηνικοῦ
939 1076 1018 1163 πρός
1036 1076 1070 1144 τό
1093 1081 1328 1162 ἑξοικσνσμῆσαι
1344 1074 1382 1141 τό
1403 1081 1460 1160 τῆς
1478 1075 1585 1160 μάχης

501 1183 635 1246 καὶτοῦ
664 1177 802 1259 πολέμου
827 1178 982 1260 όναγκαῖα
1013 1178 1069 1241 καί
1087 1175 1255 1261 ἐπιτήδεια.
1298 1174 1353 1239 κατ’
1372 1173 1430 1242 ἑόν
1452 1174 1505 1240 διό
1526 1175 1585 1253 τός

501 1281 659 1364 ἁμαρτίας
677 1274 767 1362 ἡμῶν
791 1272 808 1339 ό
829 1275 904 1351 θεός
925 1272 1166 1364 ααραχωρὴσῃ,
1189 1280 1245 1340 καί
1264 1272 1360 1355 αῦτός
1383 1274 1400 1338 ό
1424 1274 1584 1357 ἀλιτήριος

498 1377 562 1445 sind
581 1382 636 1463 τῆς
657 1378 793 1460 νεότητος
813 1378 914 1440 αότοῦ
945 1379 1001 1439 καί
1020 1376 1236 1457 κακογνωμίας
1260 1374 1394 1459 ὁρμήσαι
1415 1371 1456 1439 όν
1475 1373 1583 1458 μάχην

497 1483 627 1564 ποιῆσαι
655 1474 735 1540 κατὰ
762 1479 818 1560 τῆς
836 1474 974 1556 πόλεως,
1008 1470 1065 1539 οῦκ
1087 1469 1158 1540 οἶδα
1186 1477 1222 1540 τί
1235 1476 1396 1560 γενήσεται
1416 1478 1462 1552 είς
1485 1473 1579 1558 ἡμᾶς.
1595 1494 1634 1538 ια

496 1581 551 1643 ναί
571 1570 699 1659 ιίληδῶς
721 1575 918 1661 εῦφρόσυνος
936 1567 1131 1658 α’γνελίαῆν,
1153 1575 1184 1639 εἰ
1204 1576 1361 1639 αἰιέθανεν
1382 1574 1399 1638 ό
1419 1578 1477 1639 νῦν
1492 1597 1581 1657 γενο-

496 1674 558 1751 νιός
576 1680 645 1749 νέος
663 1677 797 1759 σίμηρῦς,
819 1674 889 1739 ἐπεί
909 1673 926 1738 ὅ
946 1670 1049 1757 πατὴρ
1081 1675 1182 1737 αὐτοῦ
1201 1674 1259 1737 οῦκ
1279 1668 1363 1757 εἶχεν
1383 1668 1479 1737 ἄλλον
1498 1672 1580 1753 υἱόν,

498 1778 553 1838 καί
574 1778 617 1861 τῷ
636 1778 758 1859 γηραιῷ
791 1776 826 1839 ἐκ
855 1778 911 1856 τῆς
943 1769 1041 1856 λῦιιης
1073 1772 1193 1836 ἐδίδοτο
1216 1776 1385 1854 ἀσθένεια,
1407 1776 1441 1849 ἔξ
1468 1767 1506 1858 ἧς
1526 1777 1583 1836 καί

456 1866 716 1964 ρρόλιροχρονια·
757 1877 812 1937 καί
827 1871 942 1937 τοῦτον
963 1870 1065 1936 ἕνεκεν
1085 1872 1130 1947 εἷς
1150 1874 1292 1938 κίνδυνον
1304 1870 1359 1936 καί
1375 1875 1581 1955 διχοστασίαν

497 1973 636 2056 μεγάλην
646 1976 808 2038 ἐνέπιπτεν
829 1969 848 2056 ἦ
869 1976 932 2036 τῶν
952 1972 1074 2054 ιλσεβιῦν
1089 1970 1188 2056 ἀρχή,
1211 1973 1265 2036 καί
1285 1977 1319 2036 ἐν
1338 1976 1383 2061 τῷ
1400 1976 1485 2062 μέσῳ
1506 1968 1579 2036 τοῦ·
1593 1978 1632 2042 ι5

497 2096 554 2137 τοο
585 2074 642 2136 τοῦ
662 2076 775 2155 καιροῦ
803 2069 934 2138 ἐδύνατο
963 2066 1003 2137 όν
1036 2074 1213 2153 διορθῶσαι
1238 2070 1295 2135 καί
1320 2072 1518 2156 οἰκονομῆσαι
1538 2067 1577 2136 τό

494 2169 598 2236 πόντοι
605 2222 614 2252 ,
643 2170 699 2235 καί
719 2171 740 2254 ἦ
761 2167 880 2235 ἑαυτοῦ
900 2174 1048 2251 βασιλεία
1069 2172 1226 2253 διέβαινεν
1248 2172 1293 2246 είς
1315 2174 1476 2256 κρείττονα
1498 2193 1579 2253 προ.

495 2271 652 2355 τιμρσιν.”
693 2269 710 2334 o‘
732 2273 768 2333 δὲ
787 2271 940 2351 βασιλεῦς
968 2271 1202 2353 Τραπεζοῦντος
1222 2270 1323 2334 ταῦτα’
1343 2293 1397 2351 μοι
1419 2268 1480 2356 ἔφη
1498 2265 1580 2333 '‘uss’-

492 2368 548 2446 τός
567 2365 723 2452 ότιόρχεις
743 2363 788 2442 εἷς
811 2371 874 2433 τῶν
894 2371 1056 2452 φρονίμων
1076 2360 1237 2450 όρχὸντων
1251 2367 1307 2433 καί
1325 2370 1502 2454 αρακτικιῦν
1521 2370 1579 2450 τῆς

494 2469 594 2554 αῦλῆς
614 2468 740 2552 ἐκείνης,
761 2470 817 2531 καί
835 2466 996 2549 γινώσκεις
1021 2474 1157 2547 κρεῖττον
1178 2471 1255 2550 περί
1272 2465 1409 2541 τοῦτων·
1453 2463 1536 2549 ὅμως
1557 2466 1576 2530 ὅ
1587 2493 1629 2537 20

492 2567 579 2650 θοός,
602 2567 645 2641 ιῦς
665 2564 810 2648 δυνατός,
831 2565 954 2650 ποιήσει
976 2564 1074 2629 αὐτόν
1093 2569 1138 2641 εἰς
1158 2564 1313 2649 ἇγαθόν.”
1332 2564 1416 2651 κόγιό
1441 2568 1576 2652 α’τιοκρι.

492 2670 561 2745 θείς
580 2661 654 2731 εἶπα
681 2664 779 2730 ι’λίαν
801 2665 984 2750 εῦχαριστιῦ
1009 2667 1050 2751 τῇ
1080 2670 1292 2756 καλοκαγαθιζι
1320 2669 1376 2732 καί
1394 2671 1577 2753 προαιρέσει

565 2868 590 2931 ί.
608 2867 657 2917 καὶ
674 2862 872 2935 φιλοτιμίαςΡ
954 2866 981 2919 6.
1000 2864 1154 2939 τῆςμόχρς
1172 2866 1251 2919 omi)
1319 2882 1362 2919 20.
1380 2866 1396 2922 ό
1413 2860 1478 2929 θεός
1497 2866 1576 2940 ὅμως

563 2934 660 2989 ὁδί)
752 2933 935 2989 οο.εῖιιονΡ

493 3098 579 3150 nisset
595 3105 624 3149 et
645 3112 727 3165 regno
739 3096 845 3166 potitus
866 3103 945 3157 esset,
960 3097 1145 3159 Romanorum,
1162 3097 1217 3148 imo
1226 3096 1437 3152 Christianorum
1454 3102 1574 3154 omnium

494 3169 634 3239 imperium
662 3167 829 3237 perditurum
855 3175 883 3217 et
901 3168 1061 3217 deletorum.
1088 3176 1116 3219 et
1137 3184 1200 3219 vero
1226 3169 1289 3220 nrbs
1306 3187 1378 3222 nnnc
1398 3172 1426 3222 in
1443 3175 1574 3239 angustiis

494 3249 537 3293 est
553 3246 662 3309 propter
681 3239 827 3307 principem
847 3253 935 3287 meum
952 3246 981 3288 et
998 3240 1184 3306 imperatorem
1197 3256 1289 3291 reeens
1308 3257 1415 3309 regnum
1435 3243 1574 3312 adeptum,

495 3312 538 3362 eui
558 3309 592 3360 de
614 3307 744 3360 reditibus
763 3308 868 3376 imperii
886 3307 985 3374 grande
1011 3324 1055 3359 aes
1073 3310 1191 3359 aiiennm
1220 3310 1377 3363 solvendum
1396 3321 1444 3373 eet,
1461 3322 1575 3385 propter

495 3380 683 3451 expeditiones
713 3390 741 3430 et
764 3378 892 3429 ‹tonatiin
918 3387 976 3429 tum
1002 3379 1148 3442 militibus,
1167 3389 1223 3431 tom
1241 3384 1344 3434 eunetis
1361 3383 1455 3435 aulicis
1474 3384 1574 3436 coitate

495 3452 647 3505 condatum.
675 3465 757 3519 quare
783 3447 946 3517 temporibus
971 3448 1086 3518 placatis
1103 3466 1173 3519 opos
1191 3460 1249 3514 est,
1274 3461 1304 3505 ut
1321 3453 1400 3505 rebus
1418 3453 1453 3505 ad
1470 3454 1574 3506 balium

494 3522 653 3575 necessariis
671 3530 700 3571 et
715 3519 820 3571 idoneis
837 3535 865 3569 ae
880 3520 1003 3570 instruat.
1018 3519 1125 3587 quodsi
1144 3520 1211 3572 deus
1228 3532 1339 3592 propter
1354 3533 1463 3592 peccata
1482 3534 1574 3577 nostra

496 3593 666 3652 concesserit,
683 3600 715 3642 ut
733 3606 848 3660 nequam
867 3590 924 3652 iiie,
942 3591 1052 3641 iuvenili
1072 3590 1184 3643 andacia
1196 3601 1223 3643 et
1240 3594 1323 3644 animi
1342 3596 1472 3662 pravitate
1489 3605 1574 3657 notus,

498 3665 591 3716 urbem
608 3661 683 3713 belin
704 3660 889 3729 aggrediatur,
909 3662 1001 3712 neseio
1029 3661 1163 3730 equidem,
1188 3662 1256 3732 quid
1281 3663 1359 3716 nobie
1391 3666 1510 3717 sutorum
1528 3668 1573 3718 sit.

497 3736 619 3806 proiecto
639 3733 705 3783 felix
725 3732 836 3783 nuntius
853 3732 932 3793 foret,
949 3732 971 3781 ai
988 3732 1121 3793 iuvenem,
1144 3733 1191 3816 rpri
1209 3750 1281 3785 nnnc
1298 3751 1399 3787 amaras
1418 3736 1503 3788 sactus
1523 3745 1575 3798 est,

497 3807 598 3858 obiisse
614 3804 770 3865 nuntiares,
800 3802 932 3871 siquidem
952 3811 1028 3871 pater
1045 3804 1102 3853 eius
1121 3803 1204 3853 airum
1225 3804 1310 3856 fllium
1331 3822 1387 3857 non
1413 3804 1527 3858 heberet
1546 3816 1576 3858 et

495 3878 591 3930 senio
617 3877 692 3927 luctu
720 3875 837 3924 oriretur
855 3874 1018 3940 aegrotatio,
1045 3890 1078 3924 ex
1106 3875 1291 3941 aegrotatione
1316 3875 1465 3929 deminutio
1483 3878 1575 3929 vitae:

494 3947 569 3999 unde
585 3948 613 3997 in
635 3946 783 4014 perieulum
801 3952 829 3994 et
846 3959 968 4012 magnam
989 3941 1150 3995 seditionem
1173 3945 1306 3999 incideret
1323 3948 1466 4017 impiorum
1486 3948 1574 4017 impe-

455 4026 460 4035 '
493 4019 573 4081 rium,
590 4025 681 4069 nostra
700 4023 789 4065 autem
807 4015 914 4066 interim
933 4014 1022 4066 omnia
1040 4014 1145 4065 restitui
1165 4024 1193 4066 et
1210 4015 1387 4069 administrari
1404 4026 1525 4087 possent,
1544 4026 1577 4069 ut

494 4090 640 4139 auctoritas
663 4087 831 4153 imperatoris
855 4084 928 4148 indeo
948 4084 1021 4134 baud
1040 4084 1121 4152 paulo
1142 4085 1299 4138 honoratior
1322 4104 1431 4140 evasura
1451 4085 1575 4140 suimet?

491 4167 549 4210 tum
570 4176 614 4208 rex
630 4157 826 4224 Trapezuntios
847 4156 883 4206 iu
902 4154 1057 4223 respondit:
1074 4154 1129 4205 “tu
1159 4172 1241 4224 quum
1257 4158 1316 4226 ipse
1334 4159 1368 4210 sis
1387 4176 1458 4210 nnus
1473 4176 1489 4210 e
1507 4176 1575 4228 pru-

492 4228 619 4280 dentibus
638 4236 665 4277 et
682 4227 776 4294 peritis
789 4225 852 4276 viris
870 4226 943 4276 iliius
960 4225 1047 4285 auiae,
1065 4225 1161 4276 meiius
1180 4229 1275 4298 ntique
1291 4228 1342 4281 ista
1359 4230 1468 4280 novisti.
1488 4231 1577 4281 enim·

491 4316 555 4355 vero
573 4299 648 4363 deus,
669 4306 773 4368 quaeat
791 4296 924 4368 potentia,
941 4295 1010 4366 iurgi
1022 4296 1099 4349 illurn
1120 4294 1226 4352 faciet.”
1238 4297 1343 4367 hieego
1358 4299 1509 4370 “magnas,''
1529 4301 1575 4352 in·
1699 4336 1700 4401 p
